<?xml version="1.0" encoding="UTF-8"?>
<!DOCTYPE html PUBLIC "-//W3C//DTD XHTML 1.0 Transitional//EN"
    "http://www.w3.org/TR/xhtml1/DTD/xhtml1-transitional.dtd">
<html xmlns="http://www.w3.org/1999/xhtml" xml:lang="en" lang="en">
 <head>
  <title>
</title>
<meta http-equiv="Content-Type" content="text/html;charset=utf-8" />
  <meta name='ocr-system' content='tesseract 3.04.00' />
  <meta name='ocr-capabilities' content='ocr_page ocr_carea ocr_par ocr_line ocrx_word'/>
</head>
<body>
  <div class='ocr_page' id='page_1' title='image "./historiapolitic01bekkgoog_0094.png"; bbox 0 0 2884 4775; ppageno 0'>
   <div class='ocr_carea' id='block_1_1' title="bbox 186 234 893 315">
    <p class='ocr_par' dir='ltr' id='par_1_1' title="bbox 186 234 893 315">
     <span class='ocr_line' id='line_1_1' title="bbox 186 234 893 315; baseline -0.008 -1"><span class='ocrx_word' id='word_1_1' title='bbox 186 248 208 315; x_wconf 83' lang='grc'><strong>’,</strong></span> <span class='ocrx_word' id='word_1_2' title='bbox 250 234 307 314; x_wconf 72' lang='lat'><strong>84&#39;</strong></span> <span class='ocrx_word' id='word_1_3' title='bbox 697 243 893 308; x_wconf 72' lang='lat' dir='ltr'><strong>nassonia</strong></span> 
     </span>
    </p>
   </div>
   <div class='ocr_carea' id='block_1_2' title="bbox 210 389 1376 2161">
    <p class='ocr_par' dir='ltr' id='par_1_2' title="bbox 243 389 1335 772">
     <span class='ocr_line' id='line_1_2' title="bbox 245 389 1335 480; baseline -0.006 -18"><span class='ocrx_word' id='word_1_4' title='bbox 245 394 455 478; x_wconf 78' lang='grc' dir='ltr'><strong><em>α’τελιότητος.</em></strong></span> <span class='ocrx_word' id='word_1_5' title='bbox 498 389 581 457; x_wconf 76' lang='grc' dir='ltr'><strong><em>ἔστιν</em></strong></span> <span class='ocrx_word' id='word_1_6' title='bbox 601 392 635 455; x_wconf 77' lang='grc' dir='ltr'><strong>όν</strong></span> <span class='ocrx_word' id='word_1_7' title='bbox 655 392 697 479; x_wconf 76' lang='grc' dir='ltr'><strong>τῷ</strong></span> <span class='ocrx_word' id='word_1_8' title='bbox 720 390 827 480; x_wconf 80' lang='grc' dir='ltr'><strong><em>κόσμιρ</em></strong></span> <span class='ocrx_word' id='word_1_9' title='bbox 848 393 904 457; x_wconf 79' lang='grc' dir='ltr'><strong>κατ’</strong></span> <span class='ocrx_word' id='word_1_10' title='bbox 933 390 1012 476; x_wconf 80' lang='grc' dir='ltr'><strong><em>όιιὲρ</em></strong></span> <span class='ocrx_word' id='word_1_11' title='bbox 1032 394 1087 456; x_wconf 85' lang='grc' dir='ltr'><strong>τὸν</strong></span> <span class='ocrx_word' id='word_1_12' title='bbox 1108 390 1233 473; x_wconf 87' lang='grc' dir='ltr'><strong><em>κόσμον.</em></strong></span> <span class='ocrx_word' id='word_1_13' title='bbox 1276 396 1335 456; x_wconf 76' lang='lat' dir='ltr'><strong>osia</strong></span> 
     </span>
     <span class='ocr_line' id='line_1_3' title="bbox 245 488 1334 579; baseline -0.006 -18"><span class='ocrx_word' id='word_1_14' title='bbox 245 496 329 562; x_wconf 79' lang='grc' dir='ltr'><strong><em>ἔστιν</em></strong></span> <span class='ocrx_word' id='word_1_15' title='bbox 350 496 384 559; x_wconf 77' lang='grc' dir='ltr'><strong>ἐν</strong></span> <span class='ocrx_word' id='word_1_16' title='bbox 407 493 515 556; x_wconf 65' lang='lat' dir='ltr'><strong>orator·</strong></span> <span class='ocrx_word' id='word_1_17' title='bbox 533 491 629 579; x_wconf 79' lang='grc' dir='ltr'><strong><em>τόπῳ,</em></strong></span> <span class='ocrx_word' id='word_1_18' title='bbox 650 495 706 554; x_wconf 85' lang='grc' dir='ltr'>καί</span> <span class='ocrx_word' id='word_1_19' title='bbox 722 488 809 556; x_wconf 81' lang='grc' dir='ltr'><strong><em>ἔστιν</em></strong></span> <span class='ocrx_word' id='word_1_20' title='bbox 825 495 860 556; x_wconf 85' lang='grc' dir='ltr'><strong>ἑν</strong></span> <span class='ocrx_word' id='word_1_21' title='bbox 880 492 977 556; x_wconf 73' lang='grc' dir='ltr'><strong><em>παντὶ</em></strong></span> <span class='ocrx_word' id='word_1_22' title='bbox 994 492 1089 579; x_wconf 82' lang='grc' dir='ltr'><strong><em>τόπρι.</em></strong></span> <span class='ocrx_word' id='word_1_23' title='bbox 1131 495 1232 555; x_wconf 79' lang='grc' dir='ltr'><strong><em>ταῦτα</em></strong></span> <span class='ocrx_word' id='word_1_24' title='bbox 1252 493 1334 555; x_wconf 75' lang='lat' dir='ltr'><strong>ar‘or&#39;r</strong></span> 
     </span>
     <span class='ocr_line' id='line_1_4' title="bbox 244 581 1334 676; baseline -0.006 -16"><span class='ocrx_word' id='word_1_25' title='bbox 244 596 404 676; x_wconf 76' lang='grc' dir='ltr'><strong><em>ἰδιώματα</em></strong></span> <span class='ocrx_word' id='word_1_26' title='bbox 431 592 487 656; x_wconf 81' lang='lat' dir='ltr'><strong>rosi</strong></span> <span class='ocrx_word' id='word_1_27' title='bbox 513 594 611 672; x_wconf 74' lang='grc' dir='ltr'><strong><em>θεοῦ,</em></strong></span> <span class='ocrx_word' id='word_1_28' title='bbox 639 594 679 655; x_wconf 87' lang='grc' dir='ltr'><strong>δι’</strong></span> <span class='ocrx_word' id='word_1_29' title='bbox 710 581 755 655; x_wconf 78' lang='grc' dir='ltr'><strong>τόν</strong></span> <span class='ocrx_word' id='word_1_30' title='bbox 778 594 948 675; x_wconf 76' lang='grc' dir='ltr'><strong><em>χωρίζεται</em></strong></span> <span class='ocrx_word' id='word_1_31' title='bbox 975 585 1039 654; x_wconf 83' lang='grc' dir='ltr'><strong><em>ἇιιδ</em></strong></span> <span class='ocrx_word' id='word_1_32' title='bbox 1069 594 1131 655; x_wconf 78' lang='grc' dir='ltr'><strong>τῶν</strong></span> <span class='ocrx_word' id='word_1_33' title='bbox 1154 589 1334 669; x_wconf 77' lang='grc' dir='ltr'><em>κτισμάτων</em></span> 
     </span>
     <span class='ocr_line' id='line_1_5' title="bbox 243 682 902 772; baseline -0.008 -14"><span class='ocrx_word' id='word_1_34' title='bbox 243 696 359 772; x_wconf 79' lang='grc' dir='ltr'><strong><em>αι’τοδ,</em></strong></span> <span class='ocrx_word' id='word_1_35' title='bbox 380 690 435 754; x_wconf 79' lang='grc' dir='ltr'><strong>καὶ</strong></span> <span class='ocrx_word' id='word_1_36' title='bbox 454 685 534 753; x_wconf 75' lang='grc' dir='ltr'><strong><em>ἄλλα</em></strong></span> <span class='ocrx_word' id='word_1_37' title='bbox 556 682 650 770; x_wconf 81' lang='grc' dir='ltr'><strong><em>ὅμοια</em></strong></span> <span class='ocrx_word' id='word_1_38' title='bbox 672 691 794 765; x_wconf 79' lang='grc' dir='ltr'><strong><em>τούτοις</em></strong></span> <span class='ocrx_word' id='word_1_39' title='bbox 814 692 902 753; x_wconf 79' lang='grc' dir='ltr'><strong><em>εἰσίν.</em></strong></span> 
     </span>
    </p>

    <p class='ocr_par' dir='ltr' id='par_1_3' title="bbox 325 785 1357 1071">
     <span class='ocr_line' id='line_1_6' title="bbox 325 785 1357 873; baseline -0.007 -16"><span class='ocrx_word' id='word_1_40' title='bbox 325 791 593 873; x_wconf 71' lang='grc' dir='ltr'><strong><em>Μεττγλωττιλιθη</em></strong></span> <span class='ocrx_word' id='word_1_41' title='bbox 617 790 651 853; x_wconf 88' lang='grc' dir='ltr'><strong>δὲ</strong></span> <span class='ocrx_word' id='word_1_42' title='bbox 669 790 715 863; x_wconf 82' lang='grc' dir='ltr'><strong>εἰς</strong></span> <span class='ocrx_word' id='word_1_43' title='bbox 735 786 792 872; x_wconf 66' lang='grc' dir='ltr'><strong>τήν</strong></span> <span class='ocrx_word' id='word_1_44' title='bbox 818 786 1168 872; x_wconf 79' lang='grc' dir='ltr'><strong><em>Τονρκοαραβόγλωοσα</em></strong></span> <span class='ocrx_word' id='word_1_45' title='bbox 1180 785 1251 851; x_wconf 73' lang='grc' dir='ltr'><strong><em>’διὸ</em></strong></span> <span class='ocrx_word' id='word_1_46' title='bbox 1273 790 1333 850; x_wconf 82' lang='lat' dir='ltr'><strong>rori</strong></span> <span class='ocrx_word' id='word_1_47' title='bbox 1340 799 1357 850; x_wconf 83' lang='lat'>5</span> 
     </span>
     <span class='ocr_line' id='line_1_7' title="bbox 363 883 1333 972; baseline -0.006 -17"><span class='ocrx_word' id='word_1_48' title='bbox 363 883 490 971; x_wconf 80' lang='grc' dir='ltr'><strong><em>Ἀχμὲτ,</em></strong></span> <span class='ocrx_word' id='word_1_49' title='bbox 511 890 612 971; x_wconf 76' lang='grc' dir='ltr'><strong><em>καδδῆ</em></strong></span> <span class='ocrx_word' id='word_1_50' title='bbox 625 891 792 971; x_wconf 74' lang='grc' dir='ltr'><strong><em>Βερροόας,</em></strong></span> <span class='ocrx_word' id='word_1_51' title='bbox 811 888 868 952; x_wconf 81' lang='grc' dir='ltr'><strong>τοῦ</strong></span> <span class='ocrx_word' id='word_1_52' title='bbox 888 887 1008 972; x_wconf 83' lang='grc' dir='ltr'><strong><em>πατρός</em></strong></span> <span class='ocrx_word' id='word_1_53' title='bbox 1033 886 1238 970; x_wconf 82' lang='grc' dir='ltr'><strong><em>Μαχοομοότ</em></strong></span> <span class='ocrx_word' id='word_1_54' title='bbox 1254 890 1333 965; x_wconf 58' lang='lat' dir='ltr'><strong>Tta-</strong></span> 
     </span>
     <span class='ocr_line' id='line_1_8' title="bbox 364 987 779 1071; baseline -0.005 -20"><span class='ocrx_word' id='word_1_55' title='bbox 364 990 463 1069; x_wconf 72' lang='grc' dir='ltr'><strong><em>λιμιτό</em></strong></span> <span class='ocrx_word' id='word_1_56' title='bbox 482 987 541 1050; x_wconf 77' lang='grc' dir='ltr'><strong>τοῦ</strong></span> <span class='ocrx_word' id='word_1_57' title='bbox 560 988 779 1071; x_wconf 82' lang='grc' dir='ltr'><strong><em>α’ναγραφὲως.</em></strong></span> 
     </span>
    </p>

    <p class='ocr_par' dir='ltr' id='par_1_4' title="bbox 323 1080 1332 1171">
     <span class='ocr_line' id='line_1_9' title="bbox 323 1080 1332 1171; baseline -0.005 -19"><span class='ocrx_word' id='word_1_58' title='bbox 323 1088 361 1171; x_wconf 66' lang='grc' dir='ltr'><strong>β.</strong></span> <span class='ocrx_word' id='word_1_59' title='bbox 396 1080 482 1152; x_wconf 79' lang='grc' dir='ltr'><strong><em>Ἔστι</em></strong></span> <span class='ocrx_word' id='word_1_60' title='bbox 503 1083 605 1171; x_wconf 82' lang='grc' dir='ltr'><strong><em>σοφὸς</em></strong></span> <span class='ocrx_word' id='word_1_61' title='bbox 626 1082 682 1148; x_wconf 77' lang='grc' dir='ltr'><em>καί</em></span> <span class='ocrx_word' id='word_1_62' title='bbox 701 1084 827 1167; x_wconf 71' lang='grc' dir='ltr'><strong><em>α’γαθὸς</em></strong></span> <span class='ocrx_word' id='word_1_63' title='bbox 846 1083 901 1150; x_wconf 76' lang='grc' dir='ltr'><strong>καὶ</strong></span> <span class='ocrx_word' id='word_1_64' title='bbox 925 1084 1079 1170; x_wconf 75' lang='grc' dir='ltr'><strong><em>ἀληθινός</em></strong></span> <span class='ocrx_word' id='word_1_65' title='bbox 1099 1088 1155 1148; x_wconf 76' lang='grc' dir='ltr'><strong>κατ’</strong></span> <span class='ocrx_word' id='word_1_66' title='bbox 1176 1083 1332 1168; x_wconf 67' lang='grc' dir='ltr'><strong><em>αότοαλῆ·</em></strong></span> 
     </span>
    </p>

    <p class='ocr_par' dir='ltr' id='par_1_5' title="bbox 210 1180 1376 2161">
     <span class='ocr_line' id='line_1_10' title="bbox 242 1180 1333 1266; baseline -0.008 -14"><span class='ocrx_word' id='word_1_67' title='bbox 242 1194 327 1252; x_wconf 73' lang='grc' dir='ltr'><strong><em>θοια.</em></strong></span> <span class='ocrx_word' id='word_1_68' title='bbox 367 1189 423 1249; x_wconf 80' lang='grc' dir='ltr'><strong><em>καί</em></strong></span> <span class='ocrx_word' id='word_1_69' title='bbox 442 1180 503 1249; x_wconf 87' lang='grc' dir='ltr'><strong>όσα</strong></span> <span class='ocrx_word' id='word_1_70' title='bbox 525 1182 749 1265; x_wconf 77' lang='grc' dir='ltr'><strong><em>προτερήματα</em></strong></span> <span class='ocrx_word' id='word_1_71' title='bbox 772 1180 881 1264; x_wconf 81' lang='grc' dir='ltr'><strong><em>ἔχουσι</em></strong></span> <span class='ocrx_word' id='word_1_72' title='bbox 908 1182 947 1249; x_wconf 83' lang='grc' dir='ltr'><strong>τό</strong></span> <span class='ocrx_word' id='word_1_73' title='bbox 969 1185 1131 1266; x_wconf 73' lang='grc' dir='ltr'><strong><em>ποιήματα</em></strong></span> <span class='ocrx_word' id='word_1_74' title='bbox 1151 1183 1252 1247; x_wconf 72' lang='lat' dir='ltr'><strong>arisati</strong></span> <span class='ocrx_word' id='word_1_75' title='bbox 1271 1206 1333 1263; x_wconf 83' lang='grc' dir='ltr'><strong>με-</strong></span> 
     </span>
     <span class='ocr_line' id='line_1_11' title="bbox 210 1278 1376 1371; baseline -0.006 -22"><span class='ocrx_word' id='word_1_76' title='bbox 210 1304 212 1311; x_wconf 88' lang='grc'><strong>’</strong></span> <span class='ocrx_word' id='word_1_77' title='bbox 241 1288 460 1368; x_wconf 83' lang='grc' dir='ltr'><strong><em>μεριαμένως,</em></strong></span> <span class='ocrx_word' id='word_1_78' title='bbox 499 1279 567 1363; x_wconf 74' lang='grc' dir='ltr'><strong><em>ἔχει</em></strong></span> <span class='ocrx_word' id='word_1_79' title='bbox 603 1278 701 1355; x_wconf 81' lang='grc' dir='ltr'><strong><em>αδτός</em></strong></span> <span class='ocrx_word' id='word_1_80' title='bbox 731 1278 825 1362; x_wconf 88' lang='grc' dir='ltr'><strong><em>μόνος</em></strong></span> <span class='ocrx_word' id='word_1_81' title='bbox 861 1281 1059 1371; x_wconf 69' lang='grc' dir='ltr'><strong><em>ὑψηλότερον</em></strong></span> <span class='ocrx_word' id='word_1_82' title='bbox 1092 1279 1216 1362; x_wconf 78' lang='grc' dir='ltr'><strong><em>τρόπον.</em></strong></span> <span class='ocrx_word' id='word_1_83' title='bbox 1279 1283 1333 1343; x_wconf 83' lang='grc' dir='ltr'><strong><em>καί</em></strong></span> <span class='ocrx_word' id='word_1_84' title='bbox 1343 1290 1376 1342; x_wconf 87' lang='grc'><strong>10</strong></span> 
     </span>
     <span class='ocr_line' id='line_1_12' title="bbox 241 1376 1334 1463; baseline -0.005 -15"><span class='ocrx_word' id='word_1_85' title='bbox 241 1380 435 1457; x_wconf 77' lang='grc' dir='ltr'><strong><em>ταύταςτὰς</em></strong></span> <span class='ocrx_word' id='word_1_86' title='bbox 457 1378 652 1463; x_wconf 79' lang='grc' dir='ltr'><strong><em>τελειότητος</em></strong></span> <span class='ocrx_word' id='word_1_87' title='bbox 672 1376 783 1463; x_wconf 69' lang='grc' dir='ltr'><strong><em>ἔχουσι</em></strong></span> <span class='ocrx_word' id='word_1_88' title='bbox 810 1379 866 1445; x_wconf 75' lang='grc' dir='ltr'><strong><em>καί</em></strong></span> <span class='ocrx_word' id='word_1_89' title='bbox 885 1380 923 1446; x_wconf 84' lang='lat' dir='ltr'><strong>rai</strong></span> <span class='ocrx_word' id='word_1_90' title='bbox 944 1384 1097 1462; x_wconf 78' lang='grc' dir='ltr'><strong><em>κτίσματα</em></strong></span> <span class='ocrx_word' id='word_1_91' title='bbox 1119 1381 1231 1459; x_wconf 79' lang='grc' dir='ltr'><strong><em>αότοδ,</em></strong></span> <span class='ocrx_word' id='word_1_92' title='bbox 1251 1376 1334 1443; x_wconf 88' lang='grc' dir='ltr'><strong><em>διότι</em></strong></span> 
     </span>
     <span class='ocr_line' id='line_1_13' title="bbox 242 1475 1331 1562; baseline -0.005 -16"><span class='ocrx_word' id='word_1_93' title='bbox 242 1481 335 1556; x_wconf 84' lang='grc' dir='ltr'><strong><em>αότός</em></strong></span> <span class='ocrx_word' id='word_1_94' title='bbox 356 1483 467 1545; x_wconf 83' lang='grc' dir='ltr'><strong><em>δι’δοισι</em></strong></span> <span class='ocrx_word' id='word_1_95' title='bbox 488 1478 604 1553; x_wconf 76' lang='grc' dir='ltr'><strong><em>ταύτας</em></strong></span> <span class='ocrx_word' id='word_1_96' title='bbox 625 1482 680 1543; x_wconf 84' lang='grc' dir='ltr'><strong><em>καί</em></strong></span> <span class='ocrx_word' id='word_1_97' title='bbox 701 1489 767 1555; x_wconf 84' lang='grc' dir='ltr'><strong><em>τοῖς</em></strong></span> <span class='ocrx_word' id='word_1_98' title='bbox 787 1479 955 1559; x_wconf 78' lang='grc' dir='ltr'><strong><em>ιιτόσμασιν</em></strong></span> <span class='ocrx_word' id='word_1_99' title='bbox 968 1475 1078 1545; x_wconf 63' lang='lat' dir='ltr'><strong>aurosi.</strong></span> <span class='ocrx_word' id='word_1_100' title='bbox 1120 1479 1225 1562; x_wconf 74' lang='grc' dir='ltr'><strong><em>α’γαθό</em></strong></span> <span class='ocrx_word' id='word_1_101' title='bbox 1248 1482 1331 1542; x_wconf 75' lang='grc' dir='ltr'><strong><em>εἰσι·</em></strong></span> 
     </span>
     <span class='ocr_line' id='line_1_14' title="bbox 242 1572 1332 1666; baseline -0.005 -21"><span class='ocrx_word' id='word_1_102' title='bbox 242 1580 323 1646; x_wconf 89' lang='grc' dir='ltr'><strong><em>διότι</em></strong></span> <span class='ocrx_word' id='word_1_103' title='bbox 355 1581 475 1666; x_wconf 82' lang='grc' dir='ltr'><strong><em>σοφός,</em></strong></span> <span class='ocrx_word' id='word_1_104' title='bbox 509 1579 612 1664; x_wconf 76' lang='grc' dir='ltr'><strong><em>σοφοί·</em></strong></span> <span class='ocrx_word' id='word_1_105' title='bbox 654 1578 733 1642; x_wconf 88' lang='grc' dir='ltr'><strong><em>διότι</em></strong></span> <span class='ocrx_word' id='word_1_106' title='bbox 766 1580 907 1663; x_wconf 65' lang='lat' dir='ltr'><strong>sitq-Pria,</strong></span> <span class='ocrx_word' id='word_1_107' title='bbox 934 1576 1047 1664; x_wconf 75' lang='grc' dir='ltr'><strong><em>δληθῆ.</em></strong></span> <span class='ocrx_word' id='word_1_108' title='bbox 1102 1579 1158 1642; x_wconf 78' lang='grc' dir='ltr'><em>καί</em></span> <span class='ocrx_word' id='word_1_109' title='bbox 1186 1575 1231 1660; x_wconf 32' lang='grc' dir='ltr'><strong>τό,</strong></span> <span class='ocrx_word' id='word_1_110' title='bbox 1251 1572 1332 1643; x_wconf 72' lang='grc' dir='ltr'><strong><em>ἄλλα</em></strong></span> 
     </span>
     <span class='ocr_line' id='line_1_15' title="bbox 242 1672 1334 1763; baseline -0.002 -22"><span class='ocrx_word' id='word_1_111' title='bbox 242 1679 368 1759; x_wconf 72' lang='grc' dir='ltr'><strong><em>ὁμοίως.</em></strong></span> <span class='ocrx_word' id='word_1_112' title='bbox 411 1676 492 1760; x_wconf 70' lang='grc' dir='ltr'><strong><em>πλὴν</em></strong></span> <span class='ocrx_word' id='word_1_113' title='bbox 511 1672 560 1741; x_wconf 83' lang='grc' dir='ltr'><strong>ότι</strong></span> <span class='ocrx_word' id='word_1_114' title='bbox 583 1676 599 1740; x_wconf 83' lang='grc' dir='ltr'>ὁ</span> <span class='ocrx_word' id='word_1_115' title='bbox 620 1680 679 1758; x_wconf 87' lang='grc' dir='ltr'><strong>μὲν</strong></span> <span class='ocrx_word' id='word_1_116' title='bbox 703 1676 778 1753; x_wconf 73' lang='grc' dir='ltr'><strong>θεός</strong></span> <span class='ocrx_word' id='word_1_117' title='bbox 807 1683 924 1763; x_wconf 72' lang='grc' dir='ltr'><strong><em>κυρίως</em></strong></span> <span class='ocrx_word' id='word_1_118' title='bbox 944 1675 1012 1760; x_wconf 79' lang='grc' dir='ltr'><strong><em>ἔχει</em></strong></span> <span class='ocrx_word' id='word_1_119' title='bbox 1033 1679 1126 1763; x_wconf 74' lang='lat' dir='ltr'><strong>arisai,</strong></span> <span class='ocrx_word' id='word_1_120' title='bbox 1149 1674 1186 1742; x_wconf 85' lang='lat' dir='ltr'><strong>roi</strong></span> <span class='ocrx_word' id='word_1_121' title='bbox 1211 1678 1246 1740; x_wconf 82' lang='grc' dir='ltr'><strong>δὲ</strong></span> <span class='ocrx_word' id='word_1_122' title='bbox 1267 1674 1334 1740; x_wconf 74' lang='grc' dir='ltr'><strong><em>κτί-</em></strong></span> 
     </span>
     <span class='ocr_line' id='line_1_16' title="bbox 231 1774 1375 1861; baseline -0.002 -19"><span class='ocrx_word' id='word_1_123' title='bbox 231 1802 345 1858; x_wconf 54' lang='grc' dir='ltr'><strong><em>ισματα</em></strong></span> <span class='ocrx_word' id='word_1_124' title='bbox 371 1774 451 1840; x_wconf 76' lang='grc' dir='ltr'><strong><em>κατὰ</em></strong></span> <span class='ocrx_word' id='word_1_125' title='bbox 469 1777 608 1861; x_wconf 75' lang='grc' dir='ltr'><strong><em>μετοχὴν</em></strong></span> <span class='ocrx_word' id='word_1_126' title='bbox 630 1774 770 1858; x_wconf 76' lang='grc' dir='ltr'><strong><em>ἔχουσιν.</em></strong></span> <span class='ocrx_word' id='word_1_127' title='bbox 1030 1805 1033 1814; x_wconf 92' lang='lat'><em>·</em></span> <span class='ocrx_word' id='word_1_128' title='bbox 1343 1790 1375 1840; x_wconf 82' lang='lat'><strong>15</strong></span> 
     </span>
     <span class='ocr_line' id='line_1_17' title="bbox 325 1870 1333 1965; baseline -0.001 -26"><span class='ocrx_word' id='word_1_129' title='bbox 325 1873 362 1959; x_wconf 81' lang='grc' dir='ltr'><strong>γ’.</strong></span> <span class='ocrx_word' id='word_1_130' title='bbox 405 1875 610 1956; x_wconf 79' lang='grc' dir='ltr'><strong><em>Πιστιόομεν</em></strong></span> <span class='ocrx_word' id='word_1_131' title='bbox 635 1872 682 1939; x_wconf 83' lang='grc' dir='ltr'><strong>ότι</strong></span> <span class='ocrx_word' id='word_1_132' title='bbox 713 1874 794 1941; x_wconf 78' lang='grc' dir='ltr'><strong><em>εἰσίν</em></strong></span> <span class='ocrx_word' id='word_1_133' title='bbox 818 1873 851 1941; x_wconf 78' lang='grc' dir='ltr'><strong>ἐν</strong></span> <span class='ocrx_word' id='word_1_134' title='bbox 879 1878 922 1965; x_wconf 79' lang='grc' dir='ltr'><strong>τῷ</strong></span> <span class='ocrx_word' id='word_1_135' title='bbox 951 1879 1017 1963; x_wconf 75' lang='grc' dir='ltr'><strong>θεῷ</strong></span> <span class='ocrx_word' id='word_1_136' title='bbox 1043 1870 1126 1942; x_wconf 68' lang='grc' dir='ltr'><strong><em>ἄλλα</em></strong></span> <span class='ocrx_word' id='word_1_137' title='bbox 1147 1882 1220 1962; x_wconf 87' lang='grc' dir='ltr'><strong>τριά</strong></span> <span class='ocrx_word' id='word_1_138' title='bbox 1243 1874 1333 1943; x_wconf 79' lang='grc' dir='ltr'><strong><em>ι’διιό-</em></strong></span> 
     </span>
     <span class='ocr_line' id='line_1_18' title="bbox 240 1968 1334 2060; baseline 0 -21"><span class='ocrx_word' id='word_1_139' title='bbox 240 1971 453 2055; x_wconf 80' lang='grc' dir='ltr'><strong><em>ματα,ἰί’τινα</em></strong></span> <span class='ocrx_word' id='word_1_140' title='bbox 476 1976 555 2040; x_wconf 77' lang='grc' dir='ltr'><strong><em>εἰσίν</em></strong></span> <span class='ocrx_word' id='word_1_141' title='bbox 576 1972 681 2056; x_wconf 79' lang='grc' dir='ltr'><strong><em>οἷόσπερ</em></strong></span> <span class='ocrx_word' id='word_1_142' title='bbox 707 1976 809 2058; x_wconf 81' lang='grc' dir='ltr'><strong><em>α’ρχαί</em></strong></span> <span class='ocrx_word' id='word_1_143' title='bbox 828 1978 883 2041; x_wconf 81' lang='grc' dir='ltr'><strong><em>κατ’</em></strong></span> <span class='ocrx_word' id='word_1_144' title='bbox 889 1977 996 2060; x_wconf 59' lang='grc' dir='ltr'><strong><em>πηγαὶ</em></strong></span> <span class='ocrx_word' id='word_1_145' title='bbox 1015 1975 1138 2042; x_wconf 75' lang='grc' dir='ltr'><strong><em>πάντων</em></strong></span> <span class='ocrx_word' id='word_1_146' title='bbox 1157 1980 1218 2041; x_wconf 80' lang='grc' dir='ltr'><strong>τῶν</strong></span> <span class='ocrx_word' id='word_1_147' title='bbox 1229 1968 1334 2041; x_wconf 69' lang='grc' dir='ltr'><strong><em>ἄλλων</em></strong></span> 
     </span>
     <span class='ocr_line' id='line_1_19' title="bbox 243 2071 1334 2161; baseline -0.001 -22"><span class='ocrx_word' id='word_1_148' title='bbox 243 2075 424 2157; x_wconf 79' lang='grc' dir='ltr'><strong><em>ἰδιωμάτων</em></strong></span> <span class='ocrx_word' id='word_1_149' title='bbox 444 2074 552 2138; x_wconf 71' lang='lat' dir='ltr'><strong>arisati.</strong></span> <span class='ocrx_word' id='word_1_150' title='bbox 589 2078 650 2140; x_wconf 78' lang='grc' dir='ltr'><strong><em>ααί</em></strong></span> <span class='ocrx_word' id='word_1_151' title='bbox 671 2071 725 2139; x_wconf 80' lang='grc' dir='ltr'><strong>διδ</strong></span> <span class='ocrx_word' id='word_1_152' title='bbox 745 2074 865 2141; x_wconf 76' lang='grc' dir='ltr'><strong><em>τούτων</em></strong></span> <span class='ocrx_word' id='word_1_153' title='bbox 894 2079 955 2141; x_wconf 77' lang='grc' dir='ltr'><strong>τῶν</strong></span> <span class='ocrx_word' id='word_1_154' title='bbox 973 2079 1068 2160; x_wconf 80' lang='grc' dir='ltr'><strong><em>τριιόν</em></strong></span> <span class='ocrx_word' id='word_1_155' title='bbox 1090 2077 1273 2157; x_wconf 79' lang='grc' dir='ltr'><strong><em>ἰδιωμάτων</em></strong></span> <span class='ocrx_word' id='word_1_156' title='bbox 1295 2077 1334 2161; x_wconf 82' lang='grc' dir='ltr'><strong>ζῇ</strong></span> 
     </span>
    </p>
   </div>
   <div class='ocr_carea' id='block_1_3' title="bbox 312 2230 1333 2658">
    <p class='ocr_par' dir='ltr' id='par_1_6' title="bbox 312 2230 1333 2658">
     <span class='ocr_line' id='line_1_20' title="bbox 312 2230 1332 2305; baseline 0 -20"><span class='ocrx_word' id='word_1_157' title='bbox 312 2234 343 2303; x_wconf 82' lang='grc' dir='ltr'><strong>3.Ι</strong></span> <span class='ocrx_word' id='word_1_158' title='bbox 361 2232 525 2305; x_wconf 78' lang='grc' dir='ltr'><strong><em>ὁμοιώματα</em></strong></span> <span class='ocrx_word' id='word_1_159' title='bbox 547 2231 564 2282; x_wconf 86' lang='grc' dir='ltr'><strong>Ρ</strong></span> <span class='ocrx_word' id='word_1_160' title='bbox 673 2232 700 2282; x_wconf 83' lang='grc'><strong>4.</strong></span> <span class='ocrx_word' id='word_1_161' title='bbox 720 2230 806 2303; x_wconf 80' lang='grc' dir='ltr'><strong><em>ὅμοια</em></strong></span> <span class='ocrx_word' id='word_1_162' title='bbox 828 2240 890 2301; x_wconf 90' lang='lat' dir='ltr'><strong>post</strong></span> <span class='ocrx_word' id='word_1_163' title='bbox 908 2236 1019 2288; x_wconf 80' lang='grc' dir='ltr'><strong><em>εῐσὶνΡ</em></strong></span> <span class='ocrx_word' id='word_1_164' title='bbox 1120 2235 1145 2287; x_wconf 83' lang='grc'><strong>5.</strong></span> <span class='ocrx_word' id='word_1_165' title='bbox 1163 2233 1258 2287; x_wconf 77' lang='grc' dir='ltr'><strong><em>πάνια</em></strong></span> <span class='ocrx_word' id='word_1_166' title='bbox 1276 2231 1332 2287; x_wconf 85' lang='grc' dir='ltr'><strong>ὅσα</strong></span> 
     </span>
     <span class='ocr_line' id='line_1_21' title="bbox 313 2298 1333 2395; baseline 0.002 -40"><span class='ocrx_word' id='word_1_167' title='bbox 313 2304 454 2373; x_wconf 79' lang='grc' dir='ltr'><strong><em>κεφάλαια</em></strong></span> <span class='ocrx_word' id='word_1_168' title='bbox 468 2303 584 2356; x_wconf 74' lang='grc' dir='ltr'><strong><em>ἕπονται</em></strong></span> <span class='ocrx_word' id='word_1_169' title='bbox 594 2302 871 2371; x_wconf 73' lang='grc' dir='ltr'><strong><em>μετεγλωττίσθησαν</em></strong></span> <span class='ocrx_word' id='word_1_170' title='bbox 882 2308 921 2364; x_wconf 76' lang='grc' dir='ltr'><strong>εἰς</strong></span> <span class='ocrx_word' id='word_1_171' title='bbox 930 2299 980 2370; x_wconf 73' lang='grc' dir='ltr'><strong>τὴν</strong></span> <span class='ocrx_word' id='word_1_172' title='bbox 991 2298 1231 2395; x_wconf 65' lang='grc' dir='ltr'><strong><em>τουρκοαραβικιὶν</em></strong></span> <span class='ocrx_word' id='word_1_173' title='bbox 1240 2306 1333 2376; x_wconf 78' lang='grc' dir='ltr'><strong><em>γλῶσ-</em></strong></span> 
     </span>
     <span class='ocr_line' id='line_1_22' title="bbox 315 2366 1330 2452; baseline 0.002 -26"><span class='ocrx_word' id='word_1_174' title='bbox 315 2393 370 2429; x_wconf 84' lang='grc' dir='ltr'><strong>σαν</strong></span> <span class='ocrx_word' id='word_1_175' title='bbox 387 2366 466 2445; x_wconf 72' lang='grc' dir='ltr'><strong><em>παρὰ</em></strong></span> <span class='ocrx_word' id='word_1_176' title='bbox 485 2374 535 2426; x_wconf 80' lang='grc' dir='ltr'><strong>τοῦ</strong></span> <span class='ocrx_word' id='word_1_177' title='bbox 554 2370 639 2444; x_wconf 79' lang='grc' dir='ltr'><strong><em>ἇχμὲτ</em></strong></span> <span class='ocrx_word' id='word_1_178' title='bbox 658 2372 729 2437; x_wconf 70' lang='lat' dir='ltr'><strong>sariri</strong></span> <span class='ocrx_word' id='word_1_179' title='bbox 750 2378 885 2444; x_wconf 81' lang='grc' dir='ltr'><strong><em>Βερροίος</em></strong></span> <span class='ocrx_word' id='word_1_180' title='bbox 902 2377 953 2429; x_wconf 85' lang='grc' dir='ltr'>ιοῦ</span> <span class='ocrx_word' id='word_1_181' title='bbox 969 2396 1077 2449; x_wconf 82' lang='grc' dir='ltr'><strong><em>πατρος</em></strong></span> <span class='ocrx_word' id='word_1_182' title='bbox 1094 2371 1226 2452; x_wconf 82' lang='grc' dir='ltr'><strong><em>μαχμοὺτ</em></strong></span> <span class='ocrx_word' id='word_1_183' title='bbox 1243 2378 1330 2439; x_wconf 80' lang='grc' dir='ltr'><strong><em>ιζελε-</em></strong></span> 
     </span>
     <span class='ocr_line' id='line_1_23' title="bbox 313 2439 1332 2521; baseline 0 -23"><span class='ocrx_word' id='word_1_184' title='bbox 313 2439 352 2510; x_wconf 71' lang='grc' dir='ltr'><strong><em>τιὴ</em></strong></span> <span class='ocrx_word' id='word_1_185' title='bbox 381 2449 432 2498; x_wconf 79' lang='grc' dir='ltr'><strong>τοῦ</strong></span> <span class='ocrx_word' id='word_1_186' title='bbox 463 2442 538 2513; x_wconf 81' lang='grc' dir='ltr'><strong><em>όναγ</em></strong></span> <span class='ocrx_word' id='word_1_187' title='bbox 557 2447 661 2513; x_wconf 81' lang='grc' dir='ltr'><strong><em>αφέως.</em></strong></span> <span class='ocrx_word' id='word_1_188' title='bbox 707 2450 756 2497; x_wconf 76' lang='grc' dir='ltr'><strong>καὶ</strong></span> <span class='ocrx_word' id='word_1_189' title='bbox 781 2445 866 2503; x_wconf 81' lang='grc' dir='ltr'><strong><em>οὕτως</em></strong></span> <span class='ocrx_word' id='word_1_190' title='bbox 894 2447 1013 2502; x_wconf 73' lang='grc' dir='ltr'><strong><em>ἕπονται</em></strong></span> <span class='ocrx_word' id='word_1_191' title='bbox 1038 2442 1071 2504; x_wconf 78' lang='grc' dir='ltr'><strong>τό</strong></span> <span class='ocrx_word' id='word_1_192' title='bbox 1102 2451 1243 2521; x_wconf 82' lang='grc' dir='ltr'><strong><em>κεφάλαια</em></strong></span> <span class='ocrx_word' id='word_1_193' title='bbox 1261 2440 1332 2499; x_wconf 72' lang='grc' dir='ltr'><strong><em>κατὰ</em></strong></span> 
     </span>
     <span class='ocr_line' id='line_1_24' title="bbox 313 2464 1331 2593; baseline 0.001 -25"><span class='ocrx_word' id='word_1_194' title='bbox 313 2516 401 2576; x_wconf 78' lang='grc' dir='ltr'><strong><em>τάξιν,</em></strong></span> <span class='ocrx_word' id='word_1_195' title='bbox 423 2516 442 2566; x_wconf 89' lang='lat' dir='ltr'><strong>P</strong></span> <span class='ocrx_word' id='word_1_196' title='bbox 538 2464 564 2564; x_wconf 62' lang='grc' dir='ltr'><strong>ὅ.</strong></span> <span class='ocrx_word' id='word_1_197' title='bbox 583 2518 630 2566; x_wconf 78' lang='grc' dir='ltr'><strong>καὶ</strong></span> <span class='ocrx_word' id='word_1_198' title='bbox 657 2513 747 2565; x_wconf 81' lang='grc' dir='ltr'><strong><em>οδδΡ</em></strong></span> <span class='ocrx_word' id='word_1_199' title='bbox 840 2517 881 2566; x_wconf 80' lang='lat'><strong>12.</strong></span> <span class='ocrx_word' id='word_1_200' title='bbox 900 2516 998 2588; x_wconf 72' lang='grc' dir='ltr'><strong><em>ἀγαθοί</em></strong></span> <span class='ocrx_word' id='word_1_201' title='bbox 1016 2525 1072 2576; x_wconf 76' lang='grc' dir='ltr'><strong><em>εἰσι</em></strong></span> <span class='ocrx_word' id='word_1_202' title='bbox 1093 2539 1136 2573; x_wconf 92' lang='lat' dir='ltr'><strong>om</strong></span> <span class='ocrx_word' id='word_1_203' title='bbox 1157 2524 1183 2573; x_wconf 88' lang='lat' dir='ltr'><strong>P.</strong></span> <span class='ocrx_word' id='word_1_204' title='bbox 1202 2521 1331 2593; x_wconf 86' lang='lat' dir='ltr'><strong>praemit·</strong></span> 
     </span>
     <span class='ocr_line' id='line_1_25' title="bbox 313 2580 946 2658; baseline 0.002 -21"><span class='ocrx_word' id='word_1_205' title='bbox 313 2586 440 2637; x_wconf 83' lang='lat' dir='ltr'><strong>tendum:</strong></span> <span class='ocrx_word' id='word_1_206' title='bbox 466 2582 539 2638; x_wconf 87' lang='grc' dir='ltr'><strong><em>διότι</em></strong></span> <span class='ocrx_word' id='word_1_207' title='bbox 557 2580 614 2654; x_wconf 78' lang='grc' dir='ltr'><strong>γὰρ</strong></span> <span class='ocrx_word' id='word_1_208' title='bbox 634 2584 719 2645; x_wconf 77' lang='grc' dir='ltr'><strong><em>αὐτός</em></strong></span> <span class='ocrx_word' id='word_1_209' title='bbox 735 2588 813 2641; x_wconf 74' lang='grc' dir='ltr'><strong><em>ἐστιν</em></strong></span> <span class='ocrx_word' id='word_1_210' title='bbox 830 2585 946 2658; x_wconf 73' lang='grc' dir='ltr'><strong><em>ἀγαθός.</em></strong></span> 
     </span>
    </p>
   </div>
   <div class='ocr_carea' id='block_1_4' title="bbox 246 2719 1330 2822">
    <p class='ocr_par' dir='ltr' id='par_1_7' title="bbox 246 2719 1330 2822">
     <span class='ocr_line' id='line_1_26' title="bbox 246 2719 1330 2822; baseline 0.009 -26"><span class='ocrx_word' id='word_1_211' title='bbox 246 2763 308 2798; x_wconf 88' lang='lat' dir='ltr'><strong>men</strong></span> <span class='ocrx_word' id='word_1_212' title='bbox 327 2754 368 2797; x_wconf 88' lang='lat' dir='ltr'><strong>est</strong></span> <span class='ocrx_word' id='word_1_213' title='bbox 391 2746 419 2795; x_wconf 89' lang='lat' dir='ltr'><strong>in</strong></span> <span class='ocrx_word' id='word_1_214' title='bbox 445 2745 517 2796; x_wconf 90' lang='lat' dir='ltr'><strong>omni</strong></span> <span class='ocrx_word' id='word_1_215' title='bbox 537 2746 605 2795; x_wconf 87' lang='lat' dir='ltr'><strong>ioco.</strong></span> <span class='ocrx_word' id='word_1_216' title='bbox 644 2719 710 2796; x_wconf 81' lang='lat' dir='ltr'><strong>haec</strong></span> <span class='ocrx_word' id='word_1_217' title='bbox 730 2755 793 2798; x_wconf 83' lang='lat' dir='ltr'><strong>sunt</strong></span> <span class='ocrx_word' id='word_1_218' title='bbox 813 2750 992 2818; x_wconf 79' lang='lat' dir='ltr'><strong>proprietates</strong></span> <span class='ocrx_word' id='word_1_219' title='bbox 1011 2753 1074 2816; x_wconf 84' lang='lat' dir='ltr'><strong>dei,</strong></span> <span class='ocrx_word' id='word_1_220' title='bbox 1094 2755 1193 2822; x_wconf 88' lang='lat' dir='ltr'><strong>quibus</strong></span> <span class='ocrx_word' id='word_1_221' title='bbox 1214 2772 1229 2805; x_wconf 87' lang='lat' dir='ltr'><strong>a</strong></span> <span class='ocrx_word' id='word_1_222' title='bbox 1251 2755 1330 2806; x_wconf 84' lang='lat' dir='ltr'><strong>rebus</strong></span> 
     </span>
    </p>
   </div>
   <div class='ocr_carea' id='block_1_5' title="bbox 245 2815 1331 2958">
    <p class='ocr_par' dir='ltr' id='par_1_8' title="bbox 245 2815 1331 2958">
     <span class='ocr_line' id='line_1_27' title="bbox 246 2815 1331 2892; baseline 0.009 -24"><span class='ocrx_word' id='word_1_223' title='bbox 246 2834 311 2886; x_wconf 86' lang='lat' dir='ltr'><strong>quas</strong></span> <span class='ocrx_word' id='word_1_224' title='bbox 330 2815 454 2868; x_wconf 73' lang='lat' dir='ltr'><strong>condidit</strong></span> <span class='ocrx_word' id='word_1_225' title='bbox 485 2817 541 2884; x_wconf 90' lang='lat' dir='ltr'><strong>ipse</strong></span> <span class='ocrx_word' id='word_1_226' title='bbox 560 2815 748 2884; x_wconf 80' lang='lat' dir='ltr'><strong>distinguitur3</strong></span> <span class='ocrx_word' id='word_1_227' title='bbox 767 2819 863 2888; x_wconf 90' lang='lat' dir='ltr'><strong>quibus</strong></span> <span class='ocrx_word' id='word_1_228' title='bbox 887 2822 967 2872; x_wconf 87' lang='lat' dir='ltr'><strong>etiam</strong></span> <span class='ocrx_word' id='word_1_229' title='bbox 995 2825 1064 2875; x_wconf 81' lang='lat' dir='ltr'><strong>aliae</strong></span> <span class='ocrx_word' id='word_1_230' title='bbox 1082 2827 1187 2892; x_wconf 86' lang='lat' dir='ltr'><strong>generis</strong></span> <span class='ocrx_word' id='word_1_231' title='bbox 1211 2827 1331 2877; x_wconf 85' lang='lat' dir='ltr'><strong>eiusdem</strong></span> 
     </span>
     <span class='ocr_line' id='line_1_28' title="bbox 245 2886 629 2958; baseline -0.016 -18"><span class='ocrx_word' id='word_1_232' title='bbox 245 2897 326 2940; x_wconf 88' lang='lat' dir='ltr'><strong>notae</strong></span> <span class='ocrx_word' id='word_1_233' title='bbox 345 2889 472 2958; x_wconf 85' lang='lat' dir='ltr'><strong>propriae</strong></span> <span class='ocrx_word' id='word_1_234' title='bbox 491 2886 629 2937; x_wconf 85' lang='lat' dir='ltr'><strong>accedunt.</strong></span> 
     </span>
    </p>
   </div>
   <div class='ocr_carea' id='block_1_6' title="bbox 332 2972 1331 3048">
    <p class='ocr_par' dir='ltr' id='par_1_9' title="bbox 332 2972 1331 3048">
     <span class='ocr_line' id='line_1_29' title="bbox 332 2972 1331 3048; baseline 0.009 -23"><span class='ocrx_word' id='word_1_235' title='bbox 332 2979 338 2996; x_wconf 86' lang='lat'><strong><em>¹</em></strong></span> <span class='ocrx_word' id='word_1_236' title='bbox 388 2975 529 3026; x_wconf 76' lang='lat' dir='ltr'><strong>Translata</strong></span> <span class='ocrx_word' id='word_1_237' title='bbox 554 2981 594 3024; x_wconf 87' lang='lat' dir='ltr'><strong>est</strong></span> <span class='ocrx_word' id='word_1_238' title='bbox 623 2972 688 3023; x_wconf 84' lang='lat' dir='ltr'><strong>haec</strong></span> <span class='ocrx_word' id='word_1_239' title='bbox 714 2972 847 3025; x_wconf 85' lang='lat' dir='ltr'><strong>confessio</strong></span> <span class='ocrx_word' id='word_1_240' title='bbox 876 2977 904 3026; x_wconf 91' lang='lat' dir='ltr'><strong>in</strong></span> <span class='ocrx_word' id='word_1_241' title='bbox 926 2978 1131 3031; x_wconf 84' lang='lat' dir='ltr'><strong>Turearabicnm</strong></span> <span class='ocrx_word' id='word_1_242' title='bbox 1157 2982 1275 3048; x_wconf 81' lang='lat' dir='ltr'><strong>linguam</strong></span> <span class='ocrx_word' id='word_1_243' title='bbox 1296 2983 1331 3033; x_wconf 91' lang='lat' dir='ltr'><strong>ab</strong></span> 
     </span>
    </p>
   </div>
   <div class='ocr_carea' id='block_1_7' title="bbox 385 3042 1331 3183">
    <p class='ocr_par' dir='ltr' id='par_1_10' title="bbox 385 3042 1331 3183">
     <span class='ocr_line' id='line_1_30' title="bbox 390 3042 1331 3116; baseline -0.001 -20"><span class='ocrx_word' id='word_1_244' title='bbox 390 3045 528 3108; x_wconf 78' lang='lat' dir='ltr'><strong>Achmate,</strong></span> <span class='ocrx_word' id='word_1_245' title='bbox 548 3042 695 3094; x_wconf 88' lang='lat' dir='ltr'><strong>Berrhoeae</strong></span> <span class='ocrx_word' id='word_1_246' title='bbox 713 3053 849 3112; x_wconf 77' lang='lat' dir='ltr'><strong>praetore3</strong></span> <span class='ocrx_word' id='word_1_247' title='bbox 870 3049 915 3116; x_wconf 90' lang='lat' dir='ltr'><strong>qui</strong></span> <span class='ocrx_word' id='word_1_248' title='bbox 935 3049 1125 3102; x_wconf 85' lang='lat' dir='ltr'><strong>Machumutae</strong></span> <span class='ocrx_word' id='word_1_249' title='bbox 1145 3053 1234 3104; x_wconf 88' lang='lat' dir='ltr'><strong>Zeiebi</strong></span> <span class='ocrx_word' id='word_1_250' title='bbox 1255 3071 1331 3105; x_wconf 88' lang='lat' dir='ltr'><strong>com.</strong></span> 
     </span>
     <span class='ocr_line' id='line_1_31' title="bbox 385 3115 744 3183; baseline -0.008 -17"><span class='ocrx_word' id='word_1_251' title='bbox 385 3116 571 3166; x_wconf 84' lang='lat' dir='ltr'><strong>mentoriensis</strong></span> <span class='ocrx_word' id='word_1_252' title='bbox 589 3123 664 3183; x_wconf 85' lang='lat' dir='ltr'><strong>pater</strong></span> <span class='ocrx_word' id='word_1_253' title='bbox 684 3115 744 3165; x_wconf 86' lang='lat' dir='ltr'><strong>fuir.</strong></span> 
     </span>
    </p>
   </div>
   <div class='ocr_carea' id='block_1_8' title="bbox 445 3203 817 3272">
    <p class='ocr_par' dir='ltr' id='par_1_11' title="bbox 445 3203 817 3272">
     <span class='ocr_line' id='line_1_32' title="bbox 445 3203 817 3272; baseline 0.003 -20"><span class='ocrx_word' id='word_1_254' title='bbox 445 3203 579 3252; x_wconf 74' lang='lat' dir='ltr'><strong>Hactenus</strong></span> <span class='ocrx_word' id='word_1_255' title='bbox 597 3203 709 3271; x_wconf 91' lang='lat' dir='ltr'><strong>primum</strong></span> <span class='ocrx_word' id='word_1_256' title='bbox 728 3210 817 3272; x_wconf 83' lang='lat' dir='ltr'><strong>caput.</strong></span> 
     </span>
    </p>
   </div>
   <div class='ocr_carea' id='block_1_9' title="bbox 247 3288 1333 3856">
    <p class='ocr_par' dir='ltr' id='par_1_12' title="bbox 247 3288 1333 3856">
     <span class='ocr_line' id='line_1_33' title="bbox 316 3288 1331 3366; baseline 0.008 -26"><span class='ocrx_word' id='word_1_257' title='bbox 316 3290 361 3340; x_wconf 90' lang='lat' dir='ltr'><strong>Est</strong></span> <span class='ocrx_word' id='word_1_258' title='bbox 382 3289 487 3357; x_wconf 87' lang='lat' dir='ltr'><strong>sapiens</strong></span> <span class='ocrx_word' id='word_1_259' title='bbox 512 3295 539 3338; x_wconf 85' lang='lat' dir='ltr'><strong>et</strong></span> <span class='ocrx_word' id='word_1_260' title='bbox 566 3288 665 3352; x_wconf 85' lang='lat' dir='ltr'><strong>bonus;</strong></span> <span class='ocrx_word' id='word_1_261' title='bbox 688 3299 730 3340; x_wconf 86' lang='lat' dir='ltr'><strong>est</strong></span> <span class='ocrx_word' id='word_1_262' title='bbox 759 3306 837 3340; x_wconf 83' lang='lat' dir='ltr'><strong>verns</strong></span> <span class='ocrx_word' id='word_1_263' title='bbox 862 3297 945 3358; x_wconf 85' lang='lat' dir='ltr'><strong>atque</strong></span> <span class='ocrx_word' id='word_1_264' title='bbox 970 3292 1027 3359; x_wconf 87' lang='lat' dir='ltr'><strong>ipsa</strong></span> <span class='ocrx_word' id='word_1_265' title='bbox 1056 3295 1162 3344; x_wconf 80' lang='lat' dir='ltr'><strong>veritas.</strong></span> <span class='ocrx_word' id='word_1_266' title='bbox 1200 3296 1331 3366; x_wconf 87' lang='lat' dir='ltr'><strong>quicquid</strong></span> 
     </span>
     <span class='ocr_line' id='line_1_34' title="bbox 247 3358 1332 3428; baseline 0.004 -16"><span class='ocrx_word' id='word_1_267' title='bbox 247 3358 447 3412; x_wconf 84' lang='lat' dir='ltr'><strong>commodorum</strong></span> <span class='ocrx_word' id='word_1_268' title='bbox 477 3365 505 3408; x_wconf 83' lang='lat' dir='ltr'><strong>et</strong></span> <span class='ocrx_word' id='word_1_269' title='bbox 529 3360 730 3426; x_wconf 80' lang='lat' dir='ltr'><strong>praerogativae</strong></span> <span class='ocrx_word' id='word_1_270' title='bbox 753 3360 873 3426; x_wconf 81' lang='lat' dir='ltr'><strong>singulae</strong></span> <span class='ocrx_word' id='word_1_271' title='bbox 900 3361 984 3428; x_wconf 85' lang='lat' dir='ltr'><strong>ipsius</strong></span> <span class='ocrx_word' id='word_1_272' title='bbox 1003 3372 1137 3415; x_wconf 89' lang='lat' dir='ltr'><strong>creaturae</strong></span> <span class='ocrx_word' id='word_1_273' title='bbox 1156 3369 1264 3418; x_wconf 81' lang='lat' dir='ltr'><strong>seorsim</strong></span> <span class='ocrx_word' id='word_1_274' title='bbox 1282 3367 1332 3417; x_wconf 82' lang='lat' dir='ltr'><strong>hs-</strong></span> 
     </span>
     <span class='ocr_line' id='line_1_35' title="bbox 248 3428 1330 3504; baseline 0.004 -22"><span class='ocrx_word' id='word_1_275' title='bbox 248 3433 333 3492; x_wconf 80' lang='lat' dir='ltr'><strong>bent‚</strong></span> <span class='ocrx_word' id='word_1_276' title='bbox 360 3428 464 3498; x_wconf 78' lang='lat' dir='ltr'><strong>idipso</strong></span> <span class='ocrx_word' id='word_1_277' title='bbox 487 3445 565 3478; x_wconf 87' lang='lat' dir='ltr'><strong>omne</strong></span> <span class='ocrx_word' id='word_1_278' title='bbox 584 3430 656 3477; x_wconf 86' lang='lat' dir='ltr'><strong>solus</strong></span> <span class='ocrx_word' id='word_1_279' title='bbox 672 3429 700 3476; x_wconf 91' lang='lat' dir='ltr'><strong>in</strong></span> <span class='ocrx_word' id='word_1_280' title='bbox 721 3445 749 3477; x_wconf 91' lang='lat' dir='ltr'><strong>se</strong></span> <span class='ocrx_word' id='word_1_281' title='bbox 771 3430 909 3490; x_wconf 84' lang='lat' dir='ltr'><strong>continet,</strong></span> <span class='ocrx_word' id='word_1_282' title='bbox 930 3432 1086 3484; x_wconf 85' lang='lat' dir='ltr'><strong>sublimiore</strong></span> <span class='ocrx_word' id='word_1_283' title='bbox 1104 3436 1222 3504; x_wconf 86' lang='lat' dir='ltr'><strong>quodam</strong></span> <span class='ocrx_word' id='word_1_284' title='bbox 1239 3438 1330 3489; x_wconf 88' lang='lat' dir='ltr'><strong>modo.</strong></span> 
     </span>
     <span class='ocr_line' id='line_1_36' title="bbox 248 3497 1331 3577; baseline 0.006 -24"><span class='ocrx_word' id='word_1_285' title='bbox 248 3500 361 3553; x_wconf 85' lang='lat' dir='ltr'><strong>ethaeo</strong></span> <span class='ocrx_word' id='word_1_286' title='bbox 392 3499 547 3560; x_wconf 86' lang='lat' dir='ltr'><strong>commoda,</strong></span> <span class='ocrx_word' id='word_1_287' title='bbox 573 3497 669 3566; x_wconf 88' lang='lat' dir='ltr'><strong>quibus</strong></span> <span class='ocrx_word' id='word_1_288' title='bbox 694 3498 886 3564; x_wconf 82' lang='lat' dir='ltr'><strong>perficiuntur,</strong></span> <span class='ocrx_word' id='word_1_289' title='bbox 914 3500 1017 3553; x_wconf 84' lang='lat' dir='ltr'><strong>habent</strong></span> <span class='ocrx_word' id='word_1_290' title='bbox 1037 3512 1065 3555; x_wconf 84' lang='lat' dir='ltr'><strong>et</strong></span> <span class='ocrx_word' id='word_1_291' title='bbox 1082 3517 1219 3558; x_wconf 86' lang='lat' dir='ltr'><strong>creaturae</strong></span> <span class='ocrx_word' id='word_1_292' title='bbox 1236 3509 1331 3577; x_wconf 88' lang='lat' dir='ltr'><strong>ipsius,</strong></span> 
     </span>
     <span class='ocr_line' id='line_1_37' title="bbox 251 3567 1332 3645; baseline -0.001 -24"><span class='ocrx_word' id='word_1_293' title='bbox 251 3569 325 3641; x_wconf 87' lang='lat' dir='ltr'><strong>quod</strong></span> <span class='ocrx_word' id='word_1_294' title='bbox 345 3571 402 3638; x_wconf 87' lang='lat' dir='ltr'><strong>ipse</strong></span> <span class='ocrx_word' id='word_1_295' title='bbox 422 3571 460 3620; x_wconf 88' lang='lat' dir='ltr'><strong>eis</strong></span> <span class='ocrx_word' id='word_1_296' title='bbox 480 3570 546 3620; x_wconf 86' lang='lat' dir='ltr'><strong>haec</strong></span> <span class='ocrx_word' id='word_1_297' title='bbox 566 3567 620 3618; x_wconf 84' lang='lat' dir='ltr'><strong>dat.</strong></span> <span class='ocrx_word' id='word_1_298' title='bbox 666 3567 831 3636; x_wconf 86' lang='lat' dir='ltr'><strong>eaedemque</strong></span> <span class='ocrx_word' id='word_1_299' title='bbox 855 3567 942 3621; x_wconf 86' lang='lat' dir='ltr'><strong>honae</strong></span> <span class='ocrx_word' id='word_1_300' title='bbox 966 3581 1035 3624; x_wconf 82' lang='lat' dir='ltr'><strong>sunt</strong></span> <span class='ocrx_word' id='word_1_301' title='bbox 1074 3584 1101 3625; x_wconf 87' lang='lat' dir='ltr'><strong>et</strong></span> <span class='ocrx_word' id='word_1_302' title='bbox 1128 3579 1190 3645; x_wconf 82' lang='lat' dir='ltr'><strong>quia</strong></span> <span class='ocrx_word' id='word_1_303' title='bbox 1209 3580 1267 3645; x_wconf 82' lang='lat' dir='ltr'><strong>ipse</strong></span> <span class='ocrx_word' id='word_1_304' title='bbox 1289 3597 1332 3630; x_wconf 59' lang='lat' dir='ltr'><strong>aa.</strong></span> 
     </span>
     <span class='ocr_line' id='line_1_38' title="bbox 249 3639 1330 3710; baseline 0.01 -20"><span class='ocrx_word' id='word_1_305' title='bbox 249 3644 326 3710; x_wconf 89' lang='lat' dir='ltr'><strong>piens</strong></span> <span class='ocrx_word' id='word_1_306' title='bbox 347 3648 395 3701; x_wconf 86' lang='lat' dir='ltr'><strong>est,</strong></span> <span class='ocrx_word' id='word_1_307' title='bbox 416 3639 466 3690; x_wconf 89' lang='lat' dir='ltr'><strong>hae</strong></span> <span class='ocrx_word' id='word_1_308' title='bbox 486 3639 620 3708; x_wconf 84' lang='lat' dir='ltr'><strong>sapientes</strong></span> <span class='ocrx_word' id='word_1_309' title='bbox 640 3647 715 3700; x_wconf 75' lang='lat' dir='ltr'><strong>suut3</strong></span> <span class='ocrx_word' id='word_1_310' title='bbox 734 3639 796 3706; x_wconf 90' lang='lat' dir='ltr'><strong>quia</strong></span> <span class='ocrx_word' id='word_1_311' title='bbox 813 3640 871 3708; x_wconf 88' lang='lat' dir='ltr'><strong>ipse</strong></span> <span class='ocrx_word' id='word_1_312' title='bbox 890 3658 978 3703; x_wconf 83' lang='lat' dir='ltr'><strong>verax,</strong></span> <span class='ocrx_word' id='word_1_313' title='bbox 997 3644 1047 3694; x_wconf 86' lang='lat' dir='ltr'><strong>hae</strong></span> <span class='ocrx_word' id='word_1_314' title='bbox 1064 3647 1203 3699; x_wconf 84' lang='lat' dir='ltr'><strong>veritatem</strong></span> <span class='ocrx_word' id='word_1_315' title='bbox 1219 3649 1330 3701; x_wconf 82' lang='lat' dir='ltr'><strong>habent.</strong></span> 
     </span>
     <span class='ocr_line' id='line_1_39' title="bbox 251 3709 1333 3785; baseline 0.007 -22"><span class='ocrx_word' id='word_1_316' title='bbox 251 3711 401 3779; x_wconf 85' lang='lat' dir='ltr'><strong>eodemque</strong></span> <span class='ocrx_word' id='word_1_317' title='bbox 421 3713 448 3762; x_wconf 91' lang='lat' dir='ltr'><strong>iu</strong></span> <span class='ocrx_word' id='word_1_318' title='bbox 466 3711 562 3761; x_wconf 85' lang='lat' dir='ltr'><strong>ceteris</strong></span> <span class='ocrx_word' id='word_1_319' title='bbox 575 3709 663 3772; x_wconf 88' lang='lat' dir='ltr'><strong>modo,</strong></span> <span class='ocrx_word' id='word_1_320' title='bbox 682 3710 729 3759; x_wconf 87' lang='lat' dir='ltr'><strong>illo</strong></span> <span class='ocrx_word' id='word_1_321' title='bbox 740 3709 871 3762; x_wconf 80' lang='lat' dir='ltr'><strong>duntaxat</strong></span> <span class='ocrx_word' id='word_1_322' title='bbox 883 3710 1044 3776; x_wconf 87' lang='lat' dir='ltr'><strong>discrimine,</strong></span> <span class='ocrx_word' id='word_1_323' title='bbox 1064 3717 1136 3785; x_wconf 88' lang='lat' dir='ltr'><strong>quod</strong></span> <span class='ocrx_word' id='word_1_324' title='bbox 1149 3720 1176 3769; x_wconf 95' lang='lat' dir='ltr'><strong>in</strong></span> <span class='ocrx_word' id='word_1_325' title='bbox 1195 3720 1246 3771; x_wconf 84' lang='lat' dir='ltr'><strong>deo</strong></span> <span class='ocrx_word' id='word_1_326' title='bbox 1265 3721 1333 3773; x_wconf 87' lang='lat' dir='ltr'><strong>haec</strong></span> 
     </span>
     <span class='ocr_line' id='line_1_40' title="bbox 249 3780 1174 3856; baseline 0.004 -24"><span class='ocrx_word' id='word_1_327' title='bbox 249 3784 337 3853; x_wconf 88' lang='lat' dir='ltr'><strong>primo</strong></span> <span class='ocrx_word' id='word_1_328' title='bbox 357 3789 384 3832; x_wconf 90' lang='lat' dir='ltr'><strong>et</strong></span> <span class='ocrx_word' id='word_1_329' title='bbox 402 3781 510 3850; x_wconf 87' lang='lat' dir='ltr'><strong>proprie</strong></span> <span class='ocrx_word' id='word_1_330' title='bbox 529 3789 599 3844; x_wconf 89' lang='lat' dir='ltr'><strong>sunt,</strong></span> <span class='ocrx_word' id='word_1_331' title='bbox 617 3783 644 3832; x_wconf 89' lang='lat' dir='ltr'><strong>in</strong></span> <span class='ocrx_word' id='word_1_332' title='bbox 664 3780 743 3831; x_wconf 87' lang='lat' dir='ltr'><strong>rebus</strong></span> <span class='ocrx_word' id='word_1_333' title='bbox 762 3798 825 3831; x_wconf 82' lang='lat' dir='ltr'><strong>vero</strong></span> <span class='ocrx_word' id='word_1_334' title='bbox 843 3784 938 3833; x_wconf 86' lang='lat' dir='ltr'><strong>creatis</strong></span> <span class='ocrx_word' id='word_1_335' title='bbox 959 3787 1174 3856; x_wconf 75' lang='lat' dir='ltr'><strong>participatione.</strong></span> 
     </span>
    </p>
   </div>
   <div class='ocr_carea' id='block_1_10' title="bbox 321 3865 1334 4031">
    <p class='ocr_par' dir='ltr' id='par_1_13' title="bbox 321 3865 1334 4031">
     <span class='ocr_line' id='line_1_41' title="bbox 446 3865 854 3936; baseline 0.002 -19"><span class='ocrx_word' id='word_1_336' title='bbox 446 3868 581 3918; x_wconf 82' lang='lat' dir='ltr'><strong>Hactenus</strong></span> <span class='ocrx_word' id='word_1_337' title='bbox 600 3865 745 3918; x_wconf 84' lang='lat' dir='ltr'><strong>secundum</strong></span> <span class='ocrx_word' id='word_1_338' title='bbox 765 3875 854 3936; x_wconf 84' lang='lat' dir='ltr'><strong>caput.</strong></span> 
     </span>
     <span class='ocr_line' id='line_1_42' title="bbox 321 3953 1334 4031; baseline 0.007 -27"><span class='ocrx_word' id='word_1_339' title='bbox 321 3953 458 4005; x_wconf 85' lang='lat' dir='ltr'><strong>Credimus</strong></span> <span class='ocrx_word' id='word_1_340' title='bbox 477 3956 504 4004; x_wconf 90' lang='lat' dir='ltr'><strong>in</strong></span> <span class='ocrx_word' id='word_1_341' title='bbox 524 3955 575 4006; x_wconf 89' lang='lat' dir='ltr'><strong>deo</strong></span> <span class='ocrx_word' id='word_1_342' title='bbox 596 3969 652 4005; x_wconf 82' lang='lat' dir='ltr'><strong>asse</strong></span> <span class='ocrx_word' id='word_1_343' title='bbox 671 3955 737 4004; x_wconf 84' lang='lat' dir='ltr'><strong>alias</strong></span> <span class='ocrx_word' id='word_1_344' title='bbox 762 3965 814 4004; x_wconf 88' lang='lat' dir='ltr'><strong>tres</strong></span> <span class='ocrx_word' id='word_1_345' title='bbox 833 3957 1017 4024; x_wconf 79' lang='lat' dir='ltr'><strong>proprietates,</strong></span> <span class='ocrx_word' id='word_1_346' title='bbox 1037 3976 1106 4027; x_wconf 86' lang='lat' dir='ltr'><strong>quae</strong></span> <span class='ocrx_word' id='word_1_347' title='bbox 1124 3968 1187 4010; x_wconf 87' lang='lat' dir='ltr'><strong>sunt</strong></span> <span class='ocrx_word' id='word_1_348' title='bbox 1205 3967 1334 4031; x_wconf 84' lang='lat' dir='ltr'><strong>tanquam</strong></span> 
     </span>
    </p>
   </div>
   <div class='ocr_carea' id='block_1_11' title="bbox 249 4024 1336 4171">
    <p class='ocr_par' dir='ltr' id='par_1_14' title="bbox 249 4024 1336 4171">
     <span class='ocr_line' id='line_1_43' title="bbox 249 4024 1334 4096; baseline 0.006 -20"><span class='ocrx_word' id='word_1_349' title='bbox 249 4026 412 4096; x_wconf 86' lang='lat' dir='ltr'><strong>principium</strong></span> <span class='ocrx_word' id='word_1_350' title='bbox 433 4032 459 4075; x_wconf 86' lang='lat' dir='ltr'><strong>et</strong></span> <span class='ocrx_word' id='word_1_351' title='bbox 479 4024 538 4074; x_wconf 88' lang='lat' dir='ltr'><strong>fons</strong></span> <span class='ocrx_word' id='word_1_352' title='bbox 558 4025 676 4076; x_wconf 88' lang='lat' dir='ltr'><strong>omnium</strong></span> <span class='ocrx_word' id='word_1_353' title='bbox 692 4026 803 4075; x_wconf 82' lang='lat' dir='ltr'><strong>aliarum</strong></span> <span class='ocrx_word' id='word_1_354' title='bbox 825 4026 880 4076; x_wconf 89' lang='lat' dir='ltr'><strong>eius</strong></span> <span class='ocrx_word' id='word_1_355' title='bbox 905 4028 1109 4094; x_wconf 85' lang='lat' dir='ltr'><strong>proprietatum.</strong></span> <span class='ocrx_word' id='word_1_356' title='bbox 1154 4029 1228 4082; x_wconf 81' lang='lat' dir='ltr'><strong>hisce</strong></span> <span class='ocrx_word' id='word_1_357' title='bbox 1247 4031 1334 4083; x_wconf 87' lang='lat' dir='ltr'><strong>tribus</strong></span> 
     </span>
     <span class='ocr_line' id='line_1_44' title="bbox 251 4093 1336 4171; baseline 0.006 -23"><span class='ocrx_word' id='word_1_358' title='bbox 251 4096 459 4168; x_wconf 86' lang='lat' dir='ltr'><strong>proprietatibus</strong></span> <span class='ocrx_word' id='word_1_359' title='bbox 478 4093 544 4147; x_wconf 85' lang='lat' dir='ltr'><strong>deus</strong></span> <span class='ocrx_word' id='word_1_360' title='bbox 567 4102 709 4150; x_wconf 71' lang='lat' dir='ltr'><strong>aeternum</strong></span> <span class='ocrx_word' id='word_1_361' title='bbox 727 4096 793 4148; x_wconf 82' lang='lat' dir='ltr'><strong>vivit</strong></span> <span class='ocrx_word' id='word_1_362' title='bbox 820 4096 848 4148; x_wconf 93' lang='lat' dir='ltr'><strong>in</strong></span> <span class='ocrx_word' id='word_1_363' title='bbox 867 4112 896 4147; x_wconf 90' lang='lat' dir='ltr'><strong>sa</strong></span> <span class='ocrx_word' id='word_1_364' title='bbox 914 4097 983 4166; x_wconf 89' lang='lat' dir='ltr'><strong>ipso,</strong></span> <span class='ocrx_word' id='word_1_365' title='bbox 1002 4100 1082 4152; x_wconf 85' lang='lat' dir='ltr'><strong>etiam</strong></span> <span class='ocrx_word' id='word_1_366' title='bbox 1103 4108 1250 4171; x_wconf 86' lang='lat' dir='ltr'><strong>antequam</strong></span> <span class='ocrx_word' id='word_1_367' title='bbox 1268 4119 1336 4155; x_wconf 87' lang='lat' dir='ltr'><strong>con-</strong></span> 
     </span>
    </p>
   </div>
   <div class='ocr_carea' id='block_1_12' title="bbox 0 0 1447 4775">
    <p class='ocr_par' dir='ltr' id='par_1_15' title="bbox 0 0 1447 4775">
     <span class='ocr_line' id='line_1_45' title="bbox 0 0 1447 4775; baseline 0 0"><span class='ocrx_word' id='word_1_368' title='bbox 0 0 1447 4775; x_wconf 95' lang='lat' dir='ltr'><strong> </strong></span> 
     </span>
    </p>
   </div>
  </div>
 </body>
</html>
