2884 4775
264 224 310 297 74
391 290 396 301 ,
712 235 904 297 iussorem

329 324 334 347 l

193 448 195 452 ,
221 372 420 467 καμήλους
447 384 500 447 κατ’
530 378 626 467 ἄλλην
648 381 850 503 παρασκευὴν
877 379 996 461 ἱκανήν.
1048 385 1220 461 συνέλαβον
1251 382 1331 445 δὲ’
1315 407 1385 453 εν
1438 409 1439 456 g

260 487 303 569 τῷ
322 481 451 571 τοιούτω
471 486 557 562 πολὲρ
558 506 594 569 ιφ
615 506 665 545 και
679 507 734 563 την
756 489 888 561 γυναῖκα
904 483 961 544 τοῦ
983 479 1054 561 Σιὶχ
1069 474 1221 562 Ἰσραήλ·
1264 474 1350 562 εἶχον
1438 461 1439 520 5

138 576 140 581 ’
169 583 318 666 λλγὰρ
342 583 408 645 ἐκεῖ
428 546 538 645 τλολλοι
559 606 610 643 και
631 588 783 662 γυναῖκας
803 604 855 642 και
851 578 997 646 παιδιά.
1027 576 1120 659 ἔλαβε
1141 582 1176 641 ιλὲ
1198 604 1250 642 και
1272 586 1351 642 nol.-
1438 661 1439 670 ρ

259 680 335 755 toric
353 685 523 755 πλουσίους
551 682 585 744 ἐκ
607 685 662 744 τοῦ
686 681 870 760 Τεβριζίου,
900 681 954 741 καί
978 682 1155 759 μειοίκισιν
1178 677 1295 752 αὐτους
1317 681 1350 741 ἐν

258 775 357 845 πόλει.
383 778 496 860 ὁμοίως
517 778 572 843 κατ’
590 776 799 861 ἐπιστήμονας
822 773 1375 863 555555555155septimiam-5
1438 841 1439 844 ,

259 903 320 959 κεν,
342 873 454 953 ἄλλους
477 902 511 941 τι
534 876 676 951 ιιολλοιλς.Ι
728 880 852 962 ἑτιοιήσε
877 878 911 941 δὲ
938 876 994 962 τὴν
1013 876 1165 962 τοιαύτην
1185 879 1272 961 νίκην
1292 902 1350 969 με.
1438 869 1439 916 3

257 978 353 1063 γάλην
373 1004 424 1041 και
422 980 641 1056 θαυμασιᾝαν

333 1073 472 1142 Εααθον
489 1080 524 1141 δὲ
539 1076 627 1140 δεινὰ
647 1078 778 1141 ιιολλιλ’
762 1100 795 1140 εν
810 1078 852 1163 eri
869 1078 1078 1160 ὑποστρέφειν
1091 1072 1269 1139 ἐκεῖθεν·“
1255 1103 1270 1139 ο
1291 1075 1350 1158 γὰρ

204 1184 209 1189 “
258 1176 328 1259 §tp
346 1164 494 1259 ’ρλσιαὴλ
499 1157 588 1251 οὗτος
610 1174 723 1239 ἔκαυσε
744 1201 797 1240 και
820 1177 954 1292 ἠφάνισε
980 1179 1044 1239 troie
1064 1174 1228 1260 τρόφιμον.
1273 1172 1349 1238 ὅθεν
1438 1179 1439 1250 l

258 1274 337 1337 ιιολυ
369 1278 489 1357 πλῆθος
520 1271 756 1357 ἑτελεὺιησεν’
741 1300 775 1338 εκ
802 1278 861 1337 τοῦ
882 1276 998 1354 λιμοῦ,
1021 1298 1074 1337 και
1103 1271 1246 1335 πολλοι
1233 1299 1267 1336 εκ
1286 1300 1348 1339 των
1360 1287 1439 1336 10

202 1438 210 1447 ,
257 1370 450 1454 μεγιστάνων
470 1370 547 1453 μετὰ
573 1377 655 1454 βοοῖν
677 1368 775 1455 ἦλθον
796 1374 933 1461 ἓως-ταῖν
948 1367 1174 1453 ὅριἰοναῦταῖν,
1191 1371 1236 1455 μα’
1259 1370 1349 1453 ἔχον-

181 1506 185 1512 ’
256 1494 308 1545 τις
332 1475 460 1557 τρέφειν
481 1471 603 1547 ἵππους.
636 1470 772 1555 ἔρριψαν
793 1475 828 1535 tt
842 1476 897 1535 καί
916 1469 1014 1534 πολλοὶ
1039 1462 1083 1534 ὧν
1099 1474 1220 1535 ἐκεῖθεν
1241 1474 1348 1559 ᾐχμα-

217 1600 221 1609 «
256 1565 399 1652 λολιισαν,
419 1570 461 1652 μὴ
485 1568 609 1651 ἔχοντες
631 1574 740 1655 φέρειν
763 1571 856 1635 αὕτα.
899 1569 991 1635 τόσον
1011 1569 1071 1651 γὰρ
1094 1570 1307 1654 ὑπερίσχυσεν
1330 1571 1347 1632 5

176 1670 181 1674 ’
256 1664 348 1745 λιμὸς
371 1662 420 1731 ὅτι
440 1667 496 1755 τοὶς
516 1670 576 1748 μὲν
596 1665 754 1752 καμήλουζ
782 1668 901 1755 ἔφαγον
923 1666 977 1731 καλ
997 1664 1035 1731 τά
1058 1666 1150 1731 λοιιιολ
1175 1672 1240 1747 ζῶα
1263 1664 1349 1754 ἇφῆ-
1438 1667 1439 1698 ³

169 1780 171 1787 ’
256 1790 313 1829 και
334 1771 460 1853 τρέφειν
480 1765 524 1851 μα’
550 1768 680 1849 ἔχοντες.
1359 1802 1391 1852 15
1438 1851 1439 1860 ρ

256 1918 258 1922 1
339 1872 538 1950 Παρεγὲνετο
561 1870 595 1931 tt
626 1866 801 1933 ὃσουλτάν
823 1871 957 1951 Σελίμης
978 1865 1101 1951 arausic
1139 1871 1349 1951 τροπαιοῦχος
1438 1871 1439 1912 l

253 1969 287 2031 ἐν
306 1965 645 2055 Κιονσταντινουιιὸλρι.
676 1964 744 2049 ἅμα
758 1972 793 2033 δὲ
810 1972 866 2033 τοῦ
886 1966 989 2031 ἐλθεῖν
1010 1968 1168 2032 αἰιὲκιεινε
1189 1965 1243 2031 τὸν
1263 1993 1347 2051 γαμ.

254 2064 332 2146 βρόν
356 2069 457 2129 ου’τοῦ
478 2067 531 2133 τόν
551 2073 781 2185 Σκεντεριιτιέλν
803 2067 859 2133 ιὸν
879 2068 1055 2147 μιτοοτοινζι
1072 2092 1203 2152 μσασιν,
1227 2072 1281 2131 κατ’
1294 2069 1349 2132 τὸν
1438 2059 1439 2140 5

259 2170 500 2288 Καντιλεσκὲρι,
525 2166 579 2231 τὸν
611 2192 718 2253 ιιρφην
747 2169 927 2249 Νισανζῆν,
948 2165 1001 2231 τὸν
1024 2170 1273 2285 ,Ξεϊμὲνμτιασιν
1295 2193 1346 2230 και

258 2258 420 2348 ἄλλους,
405 2271 458 2332 eni
478 2264 636 2353 προφάσει
661 2265 709 2331 ὅτι
729 2270 870 2349 εγὲνοντο
893 2265 1040 2351 δῆθεν
1009 2267 1105 2331 αι’τιοι
1127 2292 1179 2329 και
1199 2270 1347 2332 ἑοταοία-
1355 2290 1391 2342 20

256 2517 303 2567 alii
324 2514 385 2583 iuga
404 2516 454 2568 sibi
484 2517 595 2568 salutem
623 2527 797 2587 pepererunt.
845 2520 925 2587 potiti
951 2527 1014 2569 sunt
1032 2518 1135 2584 ingenti
1153 2533 1216 2584 gaza
1233 2519 1347 2579 Turcae,

254 2589 387 2649 tentoriis,
407 2589 524 2649 camelis,
544 2589 795 2656 impedimentorum
816 2607 910 2655 magno
930 2605 1048 2640 numero.
1086 2588 1206 2640 venitin
1225 2598 1346 2657 potesta-

255 2667 308 2708 tem
327 2675 428 2720 eorum,
448 2658 526 2710 rebus
546 2669 620 2709 tanta
639 2660 827 2729 trepidatione
841 2669 869 2711 et
879 2662 996 2711 tumultu
1010 2657 1139 2720 confusis,
1160 2660 1242 2728 ipsius
1264 2660 1346 2709 etiam

254 2729 387 2796 lsmaelis
385 2747 474 2781 uror:
500 2731 578 2781 multi
603 2733 673 2782 enim
696 2749 756 2782 suas
783 2732 907 2797 coniuges
935 2748 967 2782 eo
988 2730 1155 2780 adduxerant
1186 2737 1214 2780 et
1235 2729 1344 2780 liberos.

254 2803 324 2869 capti
346 2818 454 2871 quoque
474 2818 527 2852 non
547 2805 634 2870 pauci,
653 2802 740 2853 divit'
709 2812 754 2854 trra
773 2812 801 2853 et
819 2804 915 2868 opibus
928 2801 1097 2852 abundantes
1118 2817 1131 2850 e
1150 2801 1299 2875 'l'rebrizio‚
1319 2809 1347 2851 et

256 2872 284 2921 in
303 2872 474 2923 Constantini
500 2871 591 2923 urbem
620 2873 740 2924 deducti
784 2874 908 2923 similiter
935 2881 963 2923 et
987 2874 1115 2923 omnium
1127 2868 1225 2921 artium
1246 2873 1346 2938 egregii

254 2943 364 3010 opifices
392 2943 499 3012 aliaque
529 2944 665 2994 hominum
690 2944 836 2995 multitudo
857 2943 951 2994 eodem
973 2943 1096 2994 traducti.
1139 2957 1260 3008 magnam
1281 2941 1347 2993 haec

247 3021 307 3071 ,tam
337 3015 450 3064 illustris
463 3015 582 3066 uictoria
601 3016 712 3083 gloriam
732 3023 760 3066 et
779 3015 901 3066 mirabile
923 3015 1004 3065 decus
1026 3015 1141 3064 Selimae
1161 3014 1276 3082 peperit.

355 3101 409 3153 Sed
440 3104 510 3153 inter
538 3103 725 3154 revertendum
756 3078 831 3154 illinc
861 3103 1006 3170 plurimum
1041 3094 1206 3151 difficultatis
1241 3107 1268 3149 et
1304 3100 1346 3150 in·

179 3203 181 3208 ,
255 3171 454 3223 commodorum
473 3173 565 3224 Turcis
594 3175 730 3225 obiectum
758 3174 825 3224 luit:
858 3173 988 3256 quicquid
1022 3174 1092 3222 enirn
1125 3179 1289 3222 commeatus
1320 3179 1347 3221 et

254 3242 449 3293 cibariorum'
443 3244 556 3292 inveniri
585 3247 735 3310 potuisset,
763 3244 791 3294 id
821 3260 900 3294 omne
928 3245 984 3310 igni
1013 3242 1046 3292 ab
1065 3241 1177 3293 ismaele
1204 3241 1297 3292 datum
1320 3251 1347 3291 et

256 3312 442 3381 disperditum.
480 3312 550 3361 unde
570 3315 679 3380 plurimi
699 3315 825 3366 mortales
844 3317 913 3373 farne
931 3315 1101 3365 interierunt
1138 3313 1218 3364 multi
1236 3329 1346 3380 quoque

255 3401 287 3432 ex
306 3381 474 3450 primoribus,
492 3383 621 3436 facultate
642 3387 765 3437 destituti
791 3385 947 3436 alendorum
968 3401 1112 3455 equorum,
1130 3402 1190 3435 cum
1206 3383 1294 3433 bobus
1312 3383 1347 3432 ad

255 3443 371 3502 conlinia
390 3469 438 3503 sua
455 3462 597 3504 venerunt.
635 3454 682 3506 sed
709 3463 736 3506 et
763 3472 882 3522 magnam
901 3463 1002 3525 partem
1021 3455 1153 3524 praedae,
1172 3471 1252 3523 quam
1270 3454 1347 3503 illinc

256 3531 405 3589 rapuerant,
428 3523 567 3583 abiecere,
598 3534 705 3594 portare
732 3543 786 3577 non
813 3527 947 3578 valentes:
973 3528 1003 3578 in
1030 3534 1135 3577 tantum
1161 3524 1234 3577 enim
1262 3525 1347 3574 fames

255 3594 405 3644 invaluerat
428 3602 458 3644 ut
477 3561 584 3646 camelis
611 3606 750 3649 vescentes
776 3607 882 3649 caetera
900 3598 1029 3649 animalia
1054 3597 1241 3657 dimitterent,
1273 3594 1348 3664 quod

254 3664 328 3714 alera
345 3680 400 3714 non
419 3673 537 3734 possent.

324 3749 413 3802 Rediit
434 3753 552 3804 ¹Selimes
570 3753 670 3816 victor,
691 3761 719 3804 et
739 3752 833 3803 urbem
859 3754 1026 3806 Constantini
1045 3754 1252 3822 triumphator
1245 3771 1290 3819 ing
1294 3770 1347 3803 res-

255 3836 299 3870 τοι
320 3828 369 3871 est
407 3824 494 3872 statim
515 3832 604 3874 autem
624 3824 685 3873 ab'
678 3842 723 3890 mg
727 3841 798 3875 ressa
819 3825 928 3878 caedem
947 3827 1099 3894 principum
1122 3827 1196 3908 fecit,
1219 3824 1346 3873 occidens

181 3923 182 3928 ,
255 3906 381 3955 generum
400 3893 609 3956 Scederbetum,
638 3894 877 3956 Bostatzibassam,
901 3897 1109 3958 Cadilescerum,
1128 3899 1174 3965 qni
1194 3903 1274 3945 antea
1292 3895 1348 3945 Ne-

255 3970 362 4012 santzae
381 3978 477 4014 munus
498 3933 623 4030 gesseni,
642 3973 670 4016 et
696 3935 917 4030 Seimenbassim,
936 3984 1041 4017 necnon
1060 3969 1136 4018 alios.
1175 3969 1280 4016 crimen
1297 3964 1349 4014 hoc

255 4031 295 4081 eis
315 4031 486 4095 obiectum,'
479 4051 550 4102 ipsos
564 4037 591 4084 in
611 4052 688 4086 causa
707 4037 790 4086 fuisse
810 4037 883 4105 quod
904 4037 976 4105 apud
991 4026 1150 4088 dinasiam'
1142 4038 1253 4087 mnirari
1271 4035 1349 4086 sedi-

255 4102 357 4159 tionem
376 4106 553 4157 excitassent·
546 4107 691 4176 ,ipsorum
716 4107 786 4158 mala
804 4108 946 4176 disciplina
975 4109 1072 4160 lactum
1093 4118 1122 4160 ut
1139 4108 1251 4159 iidem'
1244 4123 1350 4177 rinpor-
