2884 4775
170 334 174 341 ,
229 250 273 320 16
672 247 868 319 msronrr

225 424 346 507 ἔστερξε
367 425 422 485 καί
440 417 627 501 ἐβεβαίωσε,
657 422 710 482 καί
740 420 878 482 ε’δειλινυε
905 417 959 478 καί
977 405 1077 495 ἄκραν
1097 408 1204 493 φιλίαν
1223 405 1302 489 πρὸς

224 521 298 598 τούς
319 522 515 600 Βυζαντίους
537 521 703 598 πλαστῶς,
731 519 776 593 οἷς
794 514 831 582 τὸ
857 517 945 587 τέλος
966 508 1086 589 ἔδειξε,
1122 507 1177 573 καί
1194 504 1302 589 καιρὸν

225 619 395 688 δουλεύων.
438 618 517 699 μετὰ
540 617 628 683 δὲτὸ
653 619 816 680 τελειῶσαι
843 616 897 678 καί
919 609 1092 694 οἷπαρτίσαι
1114 610 1149 673 τὸ
1172 608 1305 689 κάπρον

227 721 329 801 adri,
349 724 482 801 θέμενος
508 715 669 800 σκίπτρα,
694 717 857 803 φύλακας,
884 712 996 786 σκευὰς
1026 709 1081 800 καί
1101 703 1183 772 δπλα
1211 701 1303 782 ἄλλα,

226 819 383 903 ἐπορεύθη
404 820 437 882 ἐν
456 816 722 899 Ἀδριαυυυιιόλει.
1314 817 1331 867 5

309 911 408 999 Εἶχον
427 917 462 980 δὲ
485 914 612 991 ἐλπίδας
635 914 665 980 oi
686 918 720 981 έν
742 919 780 1001 τῇ
800 910 886 977 πόλει
910 914 971 991 ἵνα,
993 911 1049 973 έδν
1070 932 1099 973 τι
1120 906 1240 985 ἴδωσιν,
1263 904 1306 980 οἷς

227 1016 356 1101 πλησίον
381 1015 597 1100 ἀφανίσωσιν·
647 1016 815 1099 ἐτρέφοντο
847 1013 882 1076 δέ
915 1008 1015 1093 μὰτην
1035 1011 1139 1072 ταῦτα
1159 1007 1306 1085 οἰόμενοι.

227 1116 489 1200 ἀναχωρήσαντος
507 1112 568 1197 γὰρ
590 1118 646 1177 rori
669 1113 839 1179 σουλτδνου
860 1111 956 1176 τόπον
977 1105 1117 1191 μερικόν,
1136 1107 1309 1187 πορευομέ.

228 1243 284 1286 νου
306 1216 384 1299 πρὸς
406 1210 686 1295 Ἀδριανοδπολιν,
708 1211 737 1277 oi
764 1214 931 1296 Ἀγαρηνοέ
958 1204 1204 1285 καταδιώξαντες
1230 1200 1318 1287 μετὰ,

229 1320 292 1383 τῶν
314 1320 415 1381 ἳππων
437 1316 492 1406 aaa*
512 1312 695 1396 ποιήσαντες
715 1311 885 1395 πιλδλημα,
909 1305 950 1384 ὥς
973 1306 1046 1381 ἔθος
1067 1307 1186 1386 αὐτοῖς,
1206 1301 1308 1388 ήρπα-
1320 1317 1352 1371 10

230 1440 290 1483 σαν
308 1419 405 1496 μέρος
427 1406 624 1496 ἀνθρακέων,
647 1411 723 1487 τούς
742 1408 920 1491 ἐντυχόντας
942 1410 977 1472 έν
998 1411 1105 1490 μέρεσι
1126 1405 1182 1488 τῆς
1202 1406 1310 1485 χώρας

231 1517 294 1580 τοῖν
316 1513 510 1591 Ἀσωμοὶτων
540 1514 681 1587 καὶτοῦ
699 1556 700 1559 ¹
715 1506 804 1593 οἷμόυ
834 1509 940 1573 wanti.
989 1507 1185 1591 διεφημίσθη
1205 1502 1314 1568 δὲκαὶ

233 1612 324 1699 φήμη
359 1605 410 1674 ὅτι
434 1605 520 1674 εἶπεν
550 1609 567 1673 δ
592 1612 759 1684 σουλτᾶνος
790 1602 839 1673 ὅτι
866 1604 935 1671 ι’δοδ
962 1601 1163 1688 ἀπέρχομαι,
1185 1598 1240 1665 καί
1257 1598 1313 1665 τδν
1426 1509 1429 1698 i

121 1708 151 1719 ‘⁴
227 1708 410 1794 Ἀπριλλιον
431 1706 566 1792 ἔρχομαι
580 1708 682 1792 πάλιν,
703 1708 758 1773 καί
775 1708 939 1791 γνώτωσαν
958 1703 987 1771 οἱ
1009 1706 1043 1770 έν
1064 1706 1102 1791 τῇ
1121 1700 1222 1767 πόλει.
1243 1702 1314 1764 δια.
1367 1762 1369 1765 Α
1428 1725 1430 1846 η

232 1808 448 1895 μηνυσοίμενοι
478 1811 513 1873 δὲ
545 1806 575 1874 οἱ
597 1808 786 1891 Βυζάντιοι,
806 1811 860 1871 καί
880 1804 1016 1881 εἰπόντες
1033 1803 1078 1879 ὥς
1097 1801 1155 1867 adn
1176 1797 1244 1867 ἔστι
1263 1800 1313 1865 δίε
1325 1814 1358 1866 15

235 1932 325 1973 καιον
358 1906 410 1972 ἵνα
444 1909 595 1994 μενούσης
610 1913 678 1993 Ὶτής
710 1907 832 1990 α’γᾰπης
851 1906 1061 1989 δρπασθῶοιν
1089 1900 1119 1966 οῖ
1151 1892 1315 1983 ἅνθρωποι
1429 1946 1430 2019 η

236 2009 358 2089 ariade,
388 2007 604 2091 ἀπεκρίθησαν
634 2005 683 2071 δτι
714 2006 731 2071 ri
761 2008 913 2091 αδθέιτης
944 2004 1003 2067 οδκ
1040 1998 1105 2067 οἶδε
1129 1998 1163 2067 τὸ
1193 1999 1317 2083 γινόμε-

236 2131 297 2171 νον.
338 2102 453 2188 ὥρισεν
475 2100 531 2171 οὖν
551 2103 631 2182 ὅπως
653 2104 854 2183 ἐξετάσαντες
872 2101 990 2188 εὕρωσι
1011 2101 1065 2168 καί
1083 2103 1250 2182 πέμψωσιν
1270 2100 1317 2173 εἰς

179 2206 181 2211 ’
236 2206 274 2270 τὰ
296 2203 373 2271 ἴδια.

208 2319 225 2369 9
322 2303 476 2389 Τοιαύτην
496 2298 551 2370 oria
571 2306 694 2390 εἰρήνην
715 2303 856 2387 πλαστήν
877 2300 1012 2386 ἔχοντες,
1031 2304 1136 2383 γέγονε
1156 2303 1211 2364 καί
1227 2295 1363 2381 μα’χηφρ

239 2402 384 2490 φανερά·
411 2403 501 2486 ψυχή
523 2405 583 2488 γὰρ
606 2408 726 2469 α’δικεῖν
746 2408 935 2490 προελομένη
954 2403 991 2466 ori
1011 2398 1142 2466 δυ’ναται
1161 2398 1215 2465 έπί
1236 2395 1315 2460 raeiri

239 2507 349 2588 φέρειν
375 2505 410 2570 τὸ
438 2501 573 2584 σκιάζον.
631 2502 761 2587 ἐκινήθη
796 2505 832 2566 δὲ
861 2506 904 2590 τῷ
924 2503 1010 2590 αὐτῷ
1041 2499 1101 2564 ἔτει
1126 2495 1229 2582 ὥσπερ
1252 2494 1317 2579 θήρ

309 2680 352 2732 22.
371 2653 500 2737 σκιάδιον
514 2679 542 2732 λ’

241 2871 319 2935 patre
340 2864 424 2934 ipsius
445 2864 543 2917 iactum
560 2864 664 2930 fuerat3
682 2864 755 2933 quod
776 2865 855 2914 etiarn
873 2865 931 2932 ipse
951 2877 966 2912 a
985 2881 1013 2916 se
1031 2865 1215 2916 confirmatum
1231 2881 1320 2916 serva·

242 2939 297 2996 bat,
315 2951 497 3007 summamque
518 2952 578 3005 erga
605 2935 746 3002 Byzantios
764 2934 933 3003 praelerebat
953 2935 1177 2987 benevolentiam.
1214 2935 1263 2986 sed
1283 2936 1336 2987 si·.

176 3009 178 3014 ’
242 3007 344 3059 mulate
361 3014 447 3058 totum
466 3007 499 3057 ab
526 3025 557 3058 eo
577 3007 691 3069 factum,
714 3014 743 3056 ut
761 3014 871 3057 eventus
890 3004 1048 3068 declaravit,
1070 3015 1174 3058 tantum
1191 3009 1320 3076 temporis

243 3094 330 3129 causa.
366 3079 444 3128 castri
463 3076 650 3129 aedificatione
676 3075 809 3128 adfinem
836 3075 981 3146 perducta,
1007 3078 1101 3146 positis
1119 3077 1189 3130 inibi
1204 3078 1322 3141 vexiliis,

243 3145 385 3218 praesidio,
405 3148 544 3199 tormentis
564 3148 668 3200 bellicis
687 3147 803 3218 aliisque
823 3164 954 3198 armorum
981 3147 1132 3217 generibus,
1149 3150 1206 3218 ipse
1224 3148 1321 3200 Adria-

243 3219 359 3288 nopolin
379 3235 406 3269 se
426 3219 549 3271 contulit.

315 3303 458 3355 Habebant
478 3320 551 3372 spem
570 3303 698 3374 oppidani
717 3322 759 3367 se,
791 3307 813 3357 si
831 3305 897 3375 quid
915 3305 1027 3375 periculi
1043 3305 1174 3369 viderent,
1193 3323 1271 3377 posse
1288 3307 1323 3360 it-

245 3373 311 3438 lud,
332 3376 405 3425 utin
423 3376 578 3444 propinquo
608 3377 700 3439 situm,
730 3376 850 3427 diruere:
869 3375 965 3427 sedea
985 3392 1044 3444 spes
1062 3377 1146 3427 fallax
1165 3379 1225 3429 tuis.
1260 3394 1323 3427 nam

246 3462 306 3496 curn
325 3445 445 3496 soltanus
463 3446 629 3516 aliquantum
649 3447 812 3499 discessisset
831 3446 1025 3514 Adrianopolin
1049 3447 1190 3515 petiturus,
1208 3448 1323 3514 Agsreui

246 3517 349 3568 interea
370 3516 539 3584 equestribus
560 3518 761 3569 excursionibus
782 3516 815 3567 de
842 3532 915 3567 more
935 3518 1014 3568 iactis
1033 3516 1154 3569 homines
1173 3518 1323 3588 rapiebant,

246 3602 315 3656 quos
342 3585 434 3638 obvios
464 3589 492 3638 in
517 3588 582 3639 locis
607 3590 721 3656 regionis
741 3592 923 3638 baomatorum
947 3596 976 3640 et
992 3588 1019 3638 S.
1037 3587 1140 3638 Phocae
1157 3588 1323 3641 habuissent.

247 3657 300 3706 suit
319 3666 346 3708 et
365 3658 433 3708 sama
451 3675 548 3729 sparsa,
567 3658 666 3710 dixisse
683 3661 817 3710 sultanum
834 3666 924 3709 “nunc
942 3658 1050 3727 quidem
1069 3659 1147 3720 abeo,
1167 3661 1215 3712 sed
1233 3675 1326 3712 mense

248 3727 333 3796 Aprili
353 3727 460 3794 redibo;
490 3737 713 3798 elanguescunt,
732 3731 778 3797 qui
797 3729 824 3777 in
844 3728 909 3779 urbe
930 3731 1016 3784 sunt.”
1051 3728 1185 3796 Byzantiis
1215 3749 1263 3801 per
1282 3729 1326 3781 ie-

249 3806 324 3866 gatos
352 3800 592 3868 conquerentibus,
613 3818 644 3852 ac
662 3799 813 3851 dicentibus
838 3816 893 3850 non
922 3815 978 3853 esse
998 3801 1095 3852 iustum
1115 3803 1186 3870 pacis
1203 3811 1327 3870 tempore

249 3885 310 3920 suos
337 3869 455 3921 homines
474 3870 577 3940 abripi,
606 3888 759 3940 responsum
786 3869 839 3920 luit
864 3868 929 3922 haec
946 3871 1115 3941 imprudente
1134 3873 1241 3926 sultano
1257 3872 1326 3924 fieri.

249 3940 326 3990 iussit
344 3957 404 4008 ergo
422 3941 454 4003 is,
473 3941 647 4011 inquisitione
666 3941 745 4005 iacta,
763 3942 885 3999 inventos
906 3940 939 3992 ad
957 3960 1004 3993 sua
1023 3944 1131 3995 remitti.

319 4027 382 4079 Cum
400 4027 452 4080 hoc
471 4029 550 4080 modo
573 4029 658 4080 fictam
683 4028 848 4098 infidamque
876 4047 968 4100 pacem
988 4029 1128 4092 haberent,
1153 4029 1186 4080 ad
1204 4037 1329 4100 apertum

251 4097 359 4150 tandem
379 4100 478 4152 bellurn
498 4099 639 4153 deventum
665 4108 714 4152 est.
752 4103 855 4154 animus
879 4101 950 4154 enim
970 4103 1019 4172 qui
1036 4103 1119 4154 semel
1134 4103 1231 4154 iniuste
1250 4116 1328 4170 agere
