2884 4775
459 257 780 326 PATRIARCHICA.
1125 256 1172 329 91
1196 265 1198 268 ’

79 407 221 494 φωτεινὰ
243 407 389 493 ἐλαφρά,
413 406 493 489 μήτε
521 411 643 493 τροφῆς
675 407 832 494 χρῄζοντα
858 408 936 493 μήτε
956 412 1078 487 πόσεως
1095 411 1177 498 μήτε

78 506 264 589 ἐνδυμάτων
285 507 363 590 μήτε
384 501 480 599 ἄλλης
502 509 683 591 σωματικῆς
706 506 828 591 ήδονής.
869 514 925 574 κατ’
943 505 990 575 ὅτι
1015 510 1049 577 αλ
1070 516 1177 595 ψυχαὶ
1251 573 1254 588 ,

78 607 135 671 καί
153 606 192 671 τοὶ
214 604 350 688 στόματα
385 610 450 673 τιῦν
481 611 583 681 καλῶς
609 613 858 688 πολιτευομένων
881 606 1107 676 α’πελτῦσονται
1129 618 1175 687 εἰς

76 706 133 771 τόν
152 704 364 793 παράδεισον,
391 712 453 773 τοῦν
480 712 515 770 δὲ
542 707 762 791 οἷμετανοήτων
783 712 931 791 πονηρῶν
956 713 1011 774 καί
1032 710 1176 777 α’πίστων

50 808 124 881 faeie
143 805 202 887 τήν
221 799 359 871 κόλασιν.
401 812 455 871 καί
477 806 494 870 ὁ
512 811 570 886 μὲν
586 807 778 888 παράδεισος
797 812 859 871 τῶν
874 807 972 892 ῦγίων
985 811 1073 893 καίή
1095 808 1175 874 α’πῦ-
1261 884 1268 891 ,

77 912 192 979 λαυσις
214 905 300 969 ἐστίν
319 908 352 969 ἐν
370 911 413 995 τῷ
434 909 568 993 ου’ρανηῖ,
589 906 609 988 ή
632 909 667 971 δὲ
688 904 815 980 κόλασις
836 911 899 971 τοῦν
916 905 1059 993 πονηρῶν
1078 912 1112 974 ἐν
1131 915 1172 998 τῇ

76 1007 127 1090 γῇ.
170 1001 261 1088 καίή
284 1005 461 1080 ἀπόλαυσις
483 1010 545 1090 τῶν
574 1007 672 1089 ἁγίων
699 1007 792 1069 οῦδὲν
821 1004 926 1088 ἕτερόν
955 1009 1042 1071 ἐστιν
1069 1010 1100 1072 εἰ
1122 1010 1168 1091 μή

57 1100 129 1168 .ῦτι
150 1104 413 1187 τελειωθήσονται
430 1104 471 1171 ἀἱ
502 1108 649 1171 τοιαῦται
671 1109 780 1187 ψυχαὶ
810 1106 855 1180 εἰς
873 1104 932 1198 ,τήν
952 1110 1076 1189 γνιῦσιν.
1118 1112 1175 1172 κατ’

77 1202 148 1268 τότε
162 1202 380 1288 θεωρήσουσιν
398 1204 438 1269 τῦ
459 1210 619 1289 μυστήρια
639 1209 696 1270 τοῦ
715 1208 807 1286 θεοῦ,
832 1204 854 1268 ei
864 1209 920 1270 νῦν
941 1200 978 1270 οῦ
997 1203 1170 1289 γινιῦστιου.
1213 1191 1233 1264 ’.

36 1314 131 1369 1οσιν
153 1304 225 1388 εἰμή
248 1300 300 1367 διαὶ
318 1306 451 1381 αι’στεως
466 1307 571 1391 Ἰησοῦ
591 1310 749 1394 Χριστοῦ,

166 1401 214 1486 ιγ’.
256 1402 320 1469 Διά
343 1406 378 1468 τί
396 1409 431 1469 ut
453 1400 489 1489 ήν
512 1401 681 1488 οἷναγκαῖον
702 1409 906 1490 σαρκωθήναι
927 1404 981 1469 τὸν
999 1405 1091 1487 λόγον
1111 1410 1171 1478 τοῦ
1228 1456 1232 1465 ,

75 1507 156 1566 θεοῦ
176 1505 231 1567 καί
250 1500 333 1586 θεόν,
353 1506 432 1569 εἰσιν
463 1506 627 1586 ἀναγκαῖοι
661 1508 717 1569 καί
747 1509 857 1569 πολλοὶ
882 1507 977 1586 λόγοι.
1020 1505 1074 1569 ναὶ
1094 1502 1170 1569 ὅταν

75 1596 97 1689 ᾗ
122 1605 228 1685 χρεία,
251 1605 346 1681 εὀμέν
368 1607 488 1684 ἕτοιμοι
510 1609 621 1669 δοῦναι
645 1604 774 1680 αῦτοῦς.
823 1609 964 1670 ἐπέκεινα
989 1599 1031 1669 δέ’
1043 1606 1170 1669 ἐκείνων

77 1706 140 1766 νῦν
165 1700 265 1783 λόγων
299 1708 555 1789 πληροφοροῦσιν
583 1702 667 1790 ήμῦς
694 1704 752 1790 τήν
773 1701 927 1790 ῦλήθειαν
957 1708 1014 1787 τής
1035 1709 1169 1778 πίστεως

37 1798 167 1889 15ήαο3ν
188 1801 226 1866 zat
249 1799 328 1867 ἓατῦ
353 1806 463 1868 ταῦτα.

159 1900 210 1966 ιδ’.
244 1897 312 1967 Ὅτι
333 1902 572 1988 προεφήτευσαν
603 1902 631 1968 οἱ
651 1908 814 1991 προφῆται
834 1905 1087 1987 τῦν’1ουῦαιων,
1110 1896 1166 1976 οῦς
1232 1920 1238 1926 ’

74 2005 248 2084 στέργομεν
267 2002 324 2066 καὶ
345 2002 450 2085 ἡμεῖς,
483 2002 539 2068 τὸν
562 1990 697 2088 Ἰησοῦν,
719 2004 774 2069 κατ’
793 1998 852 2067 ὅσα
874 2007 1009 2087 ε’ποιήσε,
1029 2005 1086 2065 καί
1105 1998 1167 2065 ὅσα

74 2102 219 2182 ἐγένοντο
240 2102 287 2164 ἐπ’
308 2101 406 2186 uitri,
427 2105 483 2166 uui
502 2096 561 2167 ὅσα
574 2106 726 2187 ἐποίησαν
746 2098 877 2184 ῦστερον
896 2100 927 2167 οἱ
947 2104 1091 2185 μαθηταί
1109 2101 1167 2164 ου’·

73 2201 142 2279 τοῦ,
165 2203 206 2284 τῇ
226 2198 356 2281 δυνάμει
390 2201 499 2265 αὐτοῦ.
555 2201 670 2282 ὁμοίως
690 2205 929 2288 προεφήτευσαν
948 2200 1003 2264 κατ’
1021 2198 1061 2263 τῦ
1084 2225 1165 2281 μον.

34 2308 144 2367 tutata
164 2302 227 2363 τιῦν
247 2298 400 2382 Ἑλλήνων
427 2300 627 2387 συγχωρήσει
653 2303 733 2367 θεοῦ
761 2304 815 2366 κατ’
835 2298 865 2365 οἱ
891 2300 1083 2384 ἀστρονόμοι
1106 2303 1166 2364 τοῦν

76 2403 221 2484 Περσῶν,
237 2404 293 2465 καί
308 2402 477 2487 Ἑλλήνων,
498 2407 553 2468 κατ’
578 2409 680 2468 ’ταῦτα
701 2403 800 2468 πάντα
826 2399 906 2485 μετιὶ
931 2403 1092 2487 εῦφημιάς
1111 2424 1168 2481 με.

147 2559 173 2614 6.
190 2561 222 2634 τή
238 2561 291 2612 add
310 2561 328 2612 P
399 2561 542 2632 tuerat]
564 2559 649 2618 αὐτοῦ
665 2563 684 2613 Ρ

78 2714 272 2769 resurrectura,
300 2708 464 2776 corruptioni
494 2726 549 2760 non
577 2708 708 2769 obnoxia,
729 2705 834 2769 lucida,
852 2707 932 2768 levia,
950 2723 1001 2758 nec
1020 2706 1073 2756 cibi
1092 2704 1166 2756 indi·

76 2779 167 2844 gentia
196 2794 246 2829 nec
274 2779 395 2846 potionis
425 2797 475 2830 nec
495 2779 609 2830 vettium
633 2796 683 2830 nec
712 2780 825 2828 aliarum
843 2777 961 2845 eorporis
979 2777 1166 2844 voluptatum

77 2849 179 2899 animan
195 2849 259 2900 itetn
281 2857 309 2899 et
334 2866 443 2918 corpora
469 2869 559 2902 eorum
588 2851 635 2920 qui
659 2868 687 2902 se
709 2849 779 2899 bene
805 2849 937 2916 gesserint
966 2848 994 2896 iu
1014 2848 1167 2898 Paradisum

77 2919 193 2982 abitura,
215 2920 449 2988 impoenitentium
469 2938 545 2980 vern,
563 2922 694 2971 mulorum
725 2930 752 2970 et
782 2918 931 2969 infidelium
957 2918 991 2966 nd
1019 2917 1166 2968 inferorum

78 2991 221 3042 cruciatus.
268 2991 341 3059 quod
369 2991 432 3042 item
455 2991 590 3042 Paradisua
618 2999 770 3054 sanctorum
792 2998 819 3039 et
837 2989 951 3038 beatitas
970 2988 998 3038 in
1019 2988 1094 3038 caelo
1113 2990 1166 3050 ait,

78 3061 269 3112 sceleratorum
299 3079 362 3112 vero
384 3063 490 3130 punitio
519 3065 647 3114 interra.
685 3070 824 3130 praeterea
842 3058 1038 3109 beatitudinem
1058 3067 1166 3109 sancto-

79 3149 136 3181 rum
153 3132 222 3182 nihil
242 3131 316 3182 aliud
336 3149 394 3182 esne
413 3134 464 3184 nini
482 3133 555 3202 quod
569 3132 741 3202 perficientur
761 3128 844 3180 animi
864 3130 932 3180 tales
951 3130 1054 3179 ratione
1074 3130 1168 3196 cogni·

32 3215 35 3223 ·
78 3203 169 3253 tionis.
205 3211 271 3254 tunc
288 3200 419 3254 videbunt
444 3219 539 3255 arcana
567 3204 628 3268 (λεί,
656 3219 726 3271 quae
747 3217 890 3252 nuncnon
909 3206 1024 3254 noscunt
1043 3200 1096 3251 nisi
1115 3200 1168 3250 fide

77 3273 105 3324 iu
123 3275 214 3324 lesum
231 3274 375 3324 Christum.

278 3359 411 3410 Hactenus
432 3357 620 3409 duodecimum
638 3364 728 3424 caput.

151 3444 243 3514 Quare
263 3454 353 3496 autem
380 3461 490 3498 necesse
512 3443 593 3495 suerit
612 3461 691 3494 carne
712 3443 805 3494 vestiri
834 3444 923 3510 logum
949 3441 1009 3505 dei,
1030 3440 1119 3502 deum,
1140 3439 1168 3492 id

77 3516 287 3566 necessariarum
314 3525 341 3568 et
359 3518 501 3568 multarum
522 3516 655 3567 rationum
675 3522 722 3565 eat.
770 3532 801 3565 ac
818 3515 927 3582 quando
948 3511 1167 3575 necem‘fuerit,

78 3587 165 3654 parati
182 3603 273 3637 sumus
287 3604 331 3638 eas
349 3585 422 3638 (lare.
459 3595 565 3656 praeter
592 3594 681 3637 autern
703 3585 764 3636 ilias
786 3587 912 3646 rationes,
931 3583 1121 3636 certitudinem
1140 3594 1168 3634 et

77 3657 219 3708 veritatem
238 3657 282 3708 dei
301 3666 408 3709 nostrae
425 3667 564 3726 praeterea
583 3655 743 3708 confirmant
762 3655 827 3706 haec
845 3650 956 3725 septeni.

233 3752 235 3762 ’
280 3745 415 3797 Hactenus
436 3744 568 3795 decimum
587 3745 697 3796 tertium
717 3753 807 3813 caput.

149 3830 274 3896 Primum,
294 3834 367 3902 quod
390 3817 581 3901 praeiixerunt
604 3832 754 3902 prophetae
773 3829 941 3889 ludaeorum,
964 3845 1077 3898 quorum
1096 3827 1167 3878 vati-

78 3899 149 3950 cinia
169 3910 196 3953 et
214 3920 263 3954 noa
290 3903 489 3972 approbamus,
515 3901 549 3953 du
567 3903 628 3953 lesu
649 3911 676 3954 et
696 3903 730 3953 de
750 3902 828 3951 rebus
848 3901 905 3950 eius
924 3901 1026 3966 gestis,
1047 3907 1073 3950 et
1094 3914 1165 3967 quae

78 3973 128 4020 sub
148 3971 208 4040 ipso
228 3972 298 4024 facta
318 3983 393 4035 suut3
411 3991 480 4044 quae
498 3977 561 4025 item
582 3975 715 4044 posterius
735 3973 860 4041 discipuli
883 3973 955 4033 etus,
976 3971 1053 4020 Ιιιιίυε
1069 3977 1166 4037 poten·
1224 4026 1229 4033 ,

78 4043 115 4093 tiu
139 4051 303 4106 cumennora,
322 4055 470 4111 gesserunt.
507 4045 631 4096 similiter-
647 4046 855 4114 praecinuerunt
870 4053 904 4093 ‚et
924 4045 1083 4092 Graecorum
1105 4056 1167 4089 ora·
1221 4053 1224 4056 ’

76 4115 147 4178 cula,
166 4117 298 4186 permissu
319 4115 373 4168 dei.
420 4116 513 4169 sedet
532 4118 677 4173 astronomi
703 4110 841 4168 Perearuui
868 4133 899 4168 ae
924 4115 1098 4164 Graecorum.
1139 4118 1167 4169 et
1248 4148 1252 4157 ,
