2884 4775
445 247 732 324 sutuunsrur
748 251 804 324 α,
935 355 939 362 ἢ
1110 245 1187 328 stt

79 416 142 480 ιιιιέ
174 408 337 501 έοτέρασαν
365 417 503 504 εἰρηνικὰ
537 422 579 503 μὲ
605 418 682 497 νοός
711 417 945 506 πλησιάζοντας
974 422 1029 488 κατ’
1056 423 1191 507 εότυχέ-

84 541 196 587 στατα.

186 617 283 684 Mart
305 622 341 686 δὲ
360 619 438 698 τοός
458 622 595 708 χρόνους
616 621 749 698 τοότους
785 624 989 706 ἐβασίλευσεν
1012 624 1027 689 ὃ
1048 627 1190 707 Σέραπος

84 713 121 796 ός
140 744 189 795 τις
210 723 382 805 έκαιολγετο
404 719 438 786 έκ
458 726 513 786 τοῦ
533 727 642 806 γένους
663 728 721 788 τοῦ
736 717 855 805 ”Ailou
877 725 946 790 ἀλλ’
968 717 1043 810 ἦτον
1065 719 1191 810 ἄνθρω-

59 826 144 894 tnnc
167 819 375 907 ὑπερήφανος
407 827 464 887 καὶ
493 823 737 910 ἀσυλλόγιστος,
767 826 823 888 καὶ
855 819 957 902 eleuata
984 827 1121 906 πόλεμον
1152 829 1192 906 μέ

84 917 163 995 τούς
184 921 379 1000 Μολοσσοός
407 918 605 1000 Ἀϊόιονέους
638 928 694 992 καί
720 921 936 1008 Ἠπειρώτας·
990 921 1076 1006 όμως
1109 923 1193 1008 έχων

85 1019 286 1103 στρατιώτας
319 1027 448 1104 α’ξιλιυς,
471 1020 564 1100 όλσυς
586 1026 662 1102 τούς
685 1023 880 1092 έιιαταπόνει.
926 1018 1015 1090 οὗτοι
1036 1029 1074 1091 δὲ
1095 1011 1191 1111 έγρα.

85 1137 155 1201 ψαν
176 1126 223 1198 εἰς
242 1121 302 1207 τὴν
323 1125 476 1207 Ἰταλίαν,
505 1121 569 1190 όλοι
598 1127 781 1210 λιλαιόμενοι
814 1127 876 1191 α’πό
907 1125 1003 1193 αὐτὸν
1036 1126 1117 1212 πρός
1138 1125 1193 1192 τόν

87 1218 160 1286 υἱόν
177 1222 349 1309 Ἰουλέττης
368 1228 568 1313 Λόγοόστης,
591 1221 626 1302 ός
645 1252 695 1303 τις
725 1232 846 1312 ἐκίνησε
865 1231 906 1311 μὲ
928 1233 1063 1312 πενῆντα
1083 1227 1189 1312 χιλιό-

42 1332 77 1386 10
86 1322 147 1396 όας
165 1327 317 1390 έιιλιιιτοόν
346 1330 492 1411 α’νόριέν,
520 1333 576 1393 καί
604 1323 702 1413 ἦλθεν
726 1333 771 1405 εἰς
794 1327 964 1414 Χειμάροις
996 1331 1051 1392 nui
1072 1326 1191 1394 ἔστειλε

86 1424 180 1508 λόγον
208 1423 287 1507 πρός
320 1426 400 1503 τούς,
419 1427 619 1511 Ἠπειρώτας
644 1433 698 1494 καί
723 1431 923 1504 'Aidoneus
958 1419 1026 1492 4ιιαί
1046 1430 1191 1513 ἐκίνησαν

87 1529 123 1590 έιι
143 1527 204 1590 τοῦ
221 1519 349 1592 «ἄνωθεν
369 1531 488 1611 μέρους
509 1534 565 1614 τῆς
588 1533 749 1610 Χαονιάς,
773 1533 828 1594 κατ’
859 1528 915 1594 τόν
937 1527 1192 1613 έπεριιιόιιλασαν

85 1629 134 1702 εἰς
153 1625 210 1710 τήν
231 1618 331 1711 μέσην
350 1627 488 1712 χρόνους
508 1633 607 1712 έννέα,
631 1624 714 1694 οόστσ
731 1626 747 1692 ό
762 1635 907 1714 Σέραιιος
928 1625 1040 1710 έγλνσσ
1061 1632 1103 1710 μέ
1123 1631 1206 1716 έλιὲ

86 1749 142 1810 γον
160 1730 256 1811 μέρος
277 1733 341 1794 τόν
360 1735 509 1794 παλαιῶν
533 1735 631 1813 γενῶν
651 1734 709 1795 τοῦ
735 1735 829 1800 Τίτον
852 1733 906 1793 καί
931 1729 1116 1812 Ὀλυμπίου,
1135 1733 1194 1792 ναι·

43 1838 78 1890 15
89 1819 280 1914 έιιρόβησανι
302 1833 347 1908 εἰς
367 1829 404 1894 τό
426 1829 588 1897 Χαονιιιόν
610 1824 694 1911 όρος.
732 1829 779 1895 τό
815 1833 850 1894 δὲ
870 1829 992 1914 κέστρα
1015 1829 1070 1893 καί
1089 1829 1192 1914 φροό-

87 1953 146 2014 ρια
166 1929 439 2014 κατεκρήμνισαν,
461 1930 516 1995 καί
544 1927 642 2013 μόνον
665 1929 683 2015 ἧ
704 1933 832 1997 Χαονιά
856 1929 947 2004 πόλις
968 1928 1089 2010 ἔμεινεν
1110 1927 1192 2009 οἴχετ’.

88 2036 224 2112 λαστος,
255 2024 305 2095 ότι
327 2030 357 2096 οἱ
378 2031 492 2098 Κόνιοι
513 2027 605 2114 εἶχαν
626 2029 749 2116 α’γάπην
771 2033 813 2113 μέ
844 2027 881 2095 τοὶ
905 2034 977 2113 γένη
997 2032 1056 2095 τοῦ
1072 2021 1191 2095 νΑτλιι.

88 2129 144 2194 ιιαέ
161 2134 227 2212 μετ’
257 2133 361 2216 σ’λέγον
382 2131 496 2216 καιρόν
518 2134 661 2216 έμβῆιιαν
693 2134 738 2207 εἰς
760 2134 853 2195 τοῦτο
872 2129 907 2196 τό
930 2132 1079 2215 κέστραν,
1101 2131 1193 2207 itau-

87 2230 254 2310 σιᾰζοντος
274 2236 402 2315 Δαμιόυ
428 2235 486 2298 τοῦ
507 2229 581 2296 υἱοῦ
603 2234 716 2312 aurei,
751 2225 784 2307 ός
806 2256 853 2307 τις
876 2228 1017 2315 εἰρήνευε
1037 2233 1078 2310 μὲ
1101 2225 1215 2316 όλοιιςἱ

39 2329 164 2408 aurate
185 2333 425 2419 πλησιάζοντας.
468 2334 539 2400 ἀλλ’
558 2335 577 2417 ἡ
597 2328 810 2417 Δρυῖνόπολις
845 2335 900 2398 καί
920 2327 978 2397 llo
998 2327 1035 2396 τό
1059 2328 1113 2395 ὑπ’
1135 2333 1193 2395 αό-

88 2431 147 2515 τὴν
178 2433 302 2519 κέστρα
333 2433 462 2517 ἔμειναν
492 2434 681 2519 ἅκατοόιιητα
717 2438 773 2497 noi
800 2422 916 2521 τιόντῃι
932 2431 1037 2517 έρημα
1056 2433 1193 2516 χρόνους

92 2536 162 2617 185,
186 2534 230 2611 σός
248 2533 370 2621 γράφει
389 2534 465 2619 περὶ
485 2538 546 2600 τοῦ
560 2540 711 2618 §sponoe
734 2559 751 2597 ο
773 2556 875 2620 σοφος
901 2537 1041 2617 Knosos
1065 2531 1081 2596 ό
1103 2536 1192 2597 Xou-

87 2633 161 2712 νεός
179 2637 235 2701 noi
253 2635 270 2699 έ
292 2634 458 2711 Μακεδών
479 2631 634 2723 Φόρμιος.
898 2630 900 2637 ”

91 2896 257 2960 historicus,
283 2902 312 2948 et
339 2896 453 2962 Curius,
484 2904 513 2950 et
542 2896 697 2949 felicissime
726 2896 860 2966 degerunt
886 2912 981 2965 pacem
1009 2911 1068 2947 cum
1096 2894 1192 2951 sieiuis

90 2973 236 3021 servantes.

191 3039 249 3090 Hoc
269 3045 390 3109 ternpore
411 3046 521 3109 peracto
542 3036 659 3108 Serapus
684 3040 822 3107 regnavit,
848 3039 893 3110 qui
920 3054 934 3089 ο
956 3053 1053 3107 genere
1075 3036 1192 3089 Atlantis

92 3117 167 3161 ortus
188 3119 264 3176 erat;
286 3112 333 3162 sed
354 3110 435 3161 homo
454 3119 512 3160 erut
530 3110 662 3179 superbus
682 3118 709 3161 et
728 3108 852 3171 difficilis,
873 3117 899 3160 et
920 3126 979 3159 cum
991 3107 1112 3159 lllolossis
1130 3106 1192 3158 bel-

91 3183 147 3231 lum
168 3183 287 3234 instituit
307 3190 335 3232 et
359 3198 419 3231 eum
441 3180 563 3231 Aidoniis
589 3190 615 3233 et
636 3199 695 3232 cum
717 3180 855 3249 Epirotis,
884 3188 974 3231 tamen
994 3195 1053 3230 cum
1078 3177 1192 3229 haberet

92 3252 194 3304 milites
212 3261 346 3314 strenuos,
366 3269 458 3303 omues
479 3251 527 3302 hos
545 3252 675 3318 subiecit3
695 3251 723 3302 hi
746 3260 834 3303 autem
854 3253 881 3302 in
901 3252 1005 3304 ltaliam
1026 3250 1117 3301 literas
1138 3250 1191 3299 mi·

92 3333 203 3388 serunt,
234 3340 328 3374 omues
347 3321 381 3373 de
401 3339 433 3373 eo
456 3321 489 3374 ad
508 3324 592 3374 filium
615 3324 699 3374 iuliae
721 3322 855 3391 Augustae
876 3322 1002 3392 querelas
1028 3320 1191 3382 deserentes,

92 3395 141 3464 qui
160 3394 270 3466 quidem
289 3411 348 3446 cum
369 3396 564 3465 quinquaginta
582 3395 691 3445 milibus
710 3394 850 3455 homiuum
866 3395 1032 3445 delectorum
1052 3394 1190 3463 proiectus

92 3467 120 3516 iu
138 3466 277 3517 Chimaras
293 3466 385 3528 veuit,
410 3476 437 3517 et
456 3465 490 3515 ad
509 3466 632 3535 Epirotas
653 3474 680 3517 et
698 3466 829 3517 Aidonios
849 3466 974 3517 nuntium
997 3463 1086 3525 misit,
1116 3463 1192 3515 ethi

93 3554 126 3586 rx
149 3537 288 3606 superiore
307 3544 384 3607 parte
402 3534 539 3588 Chaoniae
558 3538 744 3599 advenerunt,
772 3546 799 3588 et
823 3537 899 3587 illurn
927 3553 974 3605 per
994 3552 1078 3585 anuos
1096 3551 1193 3585 novem

92 3608 350 3669 circumcluserunt,
370 3608 408 3659 lta
428 3618 458 3659 ut
477 3609 592 3681 Serapus
610 3626 670 3659 cum
693 3626 775 3679 parvo
796 3625 907 3659 numero
928 3608 1048 3675 gentium
1067 3607 1193 3674 autiqua-

95 3695 151 3728 rum
171 3677 228 3729 Titi
248 3686 276 3729 et
295 3678 416 3748 Olympii
435 3679 594 3746 aufugeret,
616 3687 644 3730 rt
664 3678 691 3730 hi
711 3682 739 3730 iu
758 3687 850 3730 moute
871 3677 1007 3730 Chaoniae
1027 3693 1055 3728 se
1076 3676 1193 3727 abdide-

94 3746 166 3799 runt.
205 3750 317 3800 castella
335 3758 424 3801 autem
451 3759 479 3802 et
498 3768 571 3802 arces
591 3750 709 3819 (hostes)
730 3758 913 3810 everterunt,-
931 3757 960 3800 et
989 3749 1045 3799 sola
1064 3746 1194 3799 Chaonu-

114 3819 166 3870 olis
185 3820 312 3872 manebat
329 3822 449 3889 integra,
468 3822 532 3892 quia
553 3822 630 3874 Couii
651 3824 808 3874 societatem
829 3822 946 3872 inierant
964 3836 1024 3871 curn
1044 3826 1124 3886 geute
1144 3822 1193 3869 At·

93 3838 186 3952 lautis,
207 3899 235 3942 et
253 3899 316 3959 post
334 3900 439 3962 tempus
461 3910 569 3963 parvum
588 3892 639 3944 hoc
655 3893 797 3944 castellum
818 3894 968 3955 intrarunt,
988 3890 1192 3961 regnauteDa·

93 3962 148 4014 mio
167 3962 225 4013 fillo
247 3962 322 4024 eius,
348 3965 394 4034 qui
423 3981 481 4015 cnm
502 3964 628 4015 omnibus
647 3965 854 4033 vicinispacem
874 3962 1000 4024 servavit,
1021 3961 1068 4013 sed
1087 3960 1193 4027 Dryno·

95 4033 165 4104 polis
184 4042 213 4085 et
231 4035 321 4085 omnis
341 4051 411 4105 quae
432 4035 483 4086 sub
509 4037 567 4088 eius
592 4036 707 4104 imperio
734 4044 811 4087 erant
838 4034 948 4085 castella
974 4031 1121 4085 manebunt
1146 4030 1195 4081 de·

95 4111 165 4157 serta
185 4112 214 4157 et
233 4106 343 4159 omnino
361 4104 523 4160 solitudines
541 4125 590 4179 per
614 4124 699 4159 annos
720 4104 789 4170 185,
816 4114 846 4159 ut
862 4106 955 4179 scribit
979 4102 1012 4157 de
1030 4104 1131 4177 Serapa
1150 4118 1194 4157 ια-

95 4177 174 4253 piens
193 4176 289 4231 Castor
307 4178 493 4244 Chaoniensir‚
512 4184 540 4232 et
559 4178 698 4235 Phormius
718 4176 841 4232 Macedo.
