2884 4775
510 246 833 327 narurnucurcm
1128 245 1196 317 117

102 392 184 456 inuri
204 390 351 458 ἐδίδασκε
383 399 438 457 καί
465 393 576 475 ὁμίλει.
621 390 688 477 εἶχε
717 400 752 461 δὲ
780 399 903 477 γλῶττα
926 402 1114 484 θαυμαστή,
1146 400 1202 464 κατ’

102 488 227 581 σῖπλαννε
251 493 325 566 τούς
353 494 462 573 λόγους
482 516 538 557 του
567 499 608 575 μὲ
632 493 731 558 πολλὰ
765 496 1006 577 παραδείγματα
1029 500 1085 580 τῆς
1109 496 1201 574 θεῖος

101 591 231 673 γραφῆς
253 592 495 675 ειίμσρφιότατα,
511 592 592 656 ὀποῦ
611 594 839 677 ε’κατανύγετον
852 598 940 658 πᾶσα
961 595 1051 678 ψυχη
1075 590 1209 680 dodoci?

102 713 182 752 που·
226 688 308 753 ὀποῦ
332 690 421 765 τινας
452 686 546 767 ἄλλος
567 691 752 777 σοφώτατος
786 698 845 759 τοῦ
871 697 986 777 καιροῦ
1008 695 1126 771 ἐκείνου
1144 700 1203 761 div

74 784 219 852 ὁέσωνεν
243 788 343 851 αὐτόν
376 792 422 863 εἰς
449 780 510 864 τὰς’
523 791 670 874 χάριτας.
721 794 815 867 τόσος
842 792 904 875 γάρ
935 798 1033 875 μέγας
1060 786 1135 875 ἦτον
1156 799 1202 870 εἰς

102 882 160 968 τὴν
179 886 346 970 θεολογίαν
365 884 411 952 ὅτι
434 874 469 952 rb
491 882 590 967 ὄνομα
610 913 667 953 του
691 894 747 953 καί
759 890 777 972 ἦ
801 890 893 975 φήμη
914 913 969 953 του
991 890 1134 974 ἠκούσθη
1156 894 1202 967 εἰς

103 984 161 1048 τὸν
184 982 369 1051 σουλτάνον.
414 986 469 1050 καί
493 989 527 1051 ἐν
546 990 590 1072 τῷ
611 985 678 1067 ἅμα
701 985 817 1052 ἔστειλε
839 987 916 1069 πρὸς
936 988 1030 1053 ου’τόν
1057 984 1141 1065 ὅπως
1161 991 1199 1053 νοὶ

74 1077 76 1081 ’
102 1082 162 1146 τοῦ
183 1083 293 1169 γράψῃ
329 1085 386 1169 την
413 1084 557 1170 ἐξήγησιν
578 1091 647 1165 τοῦ
674 1084 765 1168 ἁγίου
796 1085 959 1168 συμβόλου
989 1092 1045 1170 τῆς
1066 1092 1201 1161 πίστεως
1284 1168 1287 1171 ¹

102 1177 205 1263 ἡμῶν,
225 1176 324 1265 ἤγουν
345 1182 378 1247 τὸ
396 1182 556 1248 “nrorerim
572 1182 625 1260 εἰς
639 1184 700 1271 ,ἕνα
720 1182 813 1265 θεόν,
842 1188 965 1268 πατέρα
986 1186 1201 1269 παντοκρὰτσ·

59 1298 97 1350 10
106 1282 177 1360 ρα.”
217 1281 327 1346 λοιπόν
348 1281 364 1345 ri
385 1286 581 1368 πατριάρχης
603 1283 701 1363 ἔκαμε
724 1283 780 1366 τήν
801 1284 954 1368 ἐξήγησιν,
989 1284 1043 1347 καί
1064 1284 1203 1367 ἔγραψεν

105 1378 209 1462 αὐτὴν
229 1381 393 1463 θεολογικοὶ
417 1381 473 1445 καί
506 1386 632 1463 τεχνικὰ
667 1384 709 1457 ὥς
736 1382 920 1467 σοφώτατος
943 1381 1023 1445 inuri
1043 1374 1129 1467 ἦτον,
1150 1388 1206 1447 καί

104 1476 164 1560 την
184 1478 350 1541 α’πέστειλε
380 1483 438 1544 τοῦ
469 1483 656 1546 σουλτοίνου.
706 1485 761 1544 καί
793 1481 836 1556 αἱς
864 1482 922 1565 την
949 1480 1079 1563 ἔλαβεν,
1100 1480 1203 1565 ε’χᾰρη

104 1578 219 1655 πολλά,
240 1572 419 1651 virdunum
439 1580 498 1662 την
518 1578 662 1663 ἐξήγησιν
682 1581 794 1645 αὐτοῦ.

188 1667 292 1740 Ἦσαν
311 1679 346 1741 di
362 1681 412 1763 τῷ
430 1682 531 1764 καιρῷ
543 1683 651 1767 ἐκείνην
665 1684 748 1759 μέσα
769 1682 813 1755 εἷς
834 1678 869 1745 τὰ
885 1682 1011 1763 σαρὰγη
1033 1680 1090 1743 τοῦ
1110 1684 1204 1744 σουλ.

61 1792 99 1845 15
108 1772 207 1837 τοὶνου
231 1776 449 1856 εὐγενέστατοι
479 1779 534 1841 καί
553 1780 799 1859 πεπαιδευμένοι
830 1783 865 1845 ἐκ
886 1779 944 1861 τὴν
967 1782 1202 1860 Τραπεζοὸντα.

107 1872 173 1936 ἀπὸ
195 1872 272 1948 τους
294 1874 421 1959 ὄποιζσυς
435 1870 512 1959 ἦτον
532 1875 669 1957 divar,
695 1878 764 1952 υἱὸς
785 1881 840 1942 τοῦ
858 1876 1068 1960 Ἀμηρσυτζη,
1091 1875 1108 1939 ὅ
1130 1881 1204 1940 Με·

104 1978 204 2055 χεμέτ
226 1978 304 2057 πεϊς,
325 1972 514 2057 λογιώτατος
534 1974 589 2047 καί
610 1974 792 2059 σοφώτατος
814 1978 858 2051 εἰς
885 1974 920 2039 τὸ
939 1972 1116 2059 Ἑλληνικόν
1137 1975 1204 2057 μοί-

103 2076 197 2154 θημα
218 2075 274 2133 καί
292 2074 338 2147 εἰς
359 2072 395 2137 τὸ
415 2074 596 2157 Ἀραβικόν.
646 2076 740 2139 τόσον
761 2076 821 2157 γοὶρ
852 2068 924 2157 ἧτον
945 2074 1131 2159 σοφώτατος
1156 2068 1204 2137 ὅτι

106 2167 148 2232 τοὶ
170 2173 280 2249 βιβλία
301 2170 341 2233 τοὶ
375 2170 463 2235 irland
484 2197 549 2252 μας
576 2176 641 2237 τοῖν
660 2177 864 2255 Χριστιανῶν
893 2172 931 2236 τά
962 2168 1204 2253 ἒμειαγλῶττισε

60 2270 153 2341 χοεῖς
174 2267 231 2351 τήν
259 2268 431 2352 Ἀραβικὴν
467 2275 594 2352 γλῶσσα
617 2270 671 2335 διὰ
705 2268 842 2353 ὅρισμοῦ
873 2274 931 2337 τοῦ
960 2271 1142 2337 σουλτὰνου.
1187 2272 1203 2331 ὁ

106 2365 167 2451 γὰρ
190 2367 360 2444 σουλτοὶνος
381 2371 434 2434 div
455 2368 554 2436 ἔπαυε
576 2374 650 2436 ποτὲ
672 2369 711 2434 νοῖ
734 2372 834 2455 μηδὲν
854 2372 958 2460 ἐρατᾷ
978 2370 1034 2435 τὸν
1057 2366 1127 2434 υἱόν
1146 2368 1205 2433 τοῦ

109 2466 309 2552 Αμηρούτζη
338 2469 382 2544 ὥς
412 2471 514 2554 σοφόν
547 2462 727 2556 ἄνθρωπον,
758 2473 814 2534 καί
837 2461 952 2545 ἄλλους
980 2466 1100 2554 σοφούς
1121 2465 1203 2530 duod

106 2724 233 2778 docentis
249 2723 331 2776 melle
353 2719 458 2776 dulcior
476 2725 578 2778 fluebat
594 2728 692 2779 oratio.
728 2726 847 2794 linguam
874 2725 975 2794 quippe
996 2725 1071 2793 copia
1090 2731 1118 2774 et
1136 2741 1199 2774 sns-

106 2797 194 2846 vitate
212 2794 363 2845 mirabilem
391 2795 530 2858 habebat,
551 2796 743 2865 doctrinasque
762 2813 822 2847 suas
842 2797 933 2846 multis
954 2810 1085 2845 sacrarum
1104 2795 1199 2844 litera-

105 2881 167 2915 rum
187 2865 318 2932 exemplis
338 2865 518 2933 pulcherrime
549 2864 686 2934 explicans
707 2865 875 2938 illustrabat,
892 2867 930 2914 ita
948 2872 979 2928 ut
996 2872 1097 2914 motum
1119 2867 1200 2912 slier-
1221 2861 1225 2870 '

106 2943 150 2985 ret
177 2935 292 2984 cuiusvis
311 2933 428 3005 hominis
453 2936 544 2989 auimo
573 2952 689 3004 eumque
721 2951 910 3003 cornpungens.
954 2949 1018 2982 sane
1045 2948 1199 3000 quanquam

105 3004 261 3072 complures
280 3003 329 3052 illo
347 3011 470 3070 tempore
489 3004 636 3055 doctissimi
650 3006 699 3056 viri
718 3003 934 3061 inveniebantur,
954 3017 1032 3051 nemo
1055 3000 1198 3050 abuudan-

104 3075 144 3124 tia
166 3081 194 3122 et
211 3080 352 3123 venustate
381 3075 509 3123 orationis
538 3090 597 3122 cum
619 3076 678 3141 ipso
707 3075 852 3140 adaequari
879 3079 994 3140 poterat.
1033 3069 1091 3120 tam
1107 3070 1199 3119 excel-

105 3144 167 3192 lens
187 3144 259 3193 euim
280 3141 423 3207 theologus
441 3151 499 3192 eret
516 3150 546 3192 ut
565 3143 706 3193 celebritas
728 3143 844 3193 nominis
873 3142 930 3196 eins
951 3139 984 3188 ad
1002 3140 1100 3189 sultani
1122 3155 1199 3187 aures

104 3213 271 3280 perveniret
306 3228 338 3260 ac
354 3227 416 3261 mun
437 3212 577 3278 adipsum
596 3213 678 3273 misit,
696 3221 726 3261 ut
739 3213 789 3261 sibi
812 3210 1019 3276 explicatmnem
1039 3211 1073 3258 S:
1084 3209 1199 3272 symboli

21 3306 26 3314 =
107 3281 418 3332 lideinostrae“credo
443 3281 471 3330 in
491 3280 809 3349 unumdeum‚pctrem
835 3278 1064 3346 omnipotentem''
1085 3277 1202 3326 conseri·
1258 3286 1261 3294 ‘

107 3353 197 3401 beret.
232 3349 347 3418 proinde
375 3351 403 3399 in
425 3366 455 3399 ea
473 3353 699 3402 commentatione
727 3349 878 3418 patriarcba
900 3348 1056 3408 elaboravit,
1077 3347 1204 3396 omnino-

107 3437 164 3488 que
185 3420 347 3487 theologice,
366 3427 394 3469 et
414 3419 556 3470 artificiose
574 3436 624 3488 pru
640 3421 736 3471 eximia
756 3419 889 3487 sapientia
910 3434 957 3467 sua
978 3416 1102 3478 absolsit,
1122 3423 1203 3483 etque

107 3491 145 3539 ad
165 3489 301 3555 sultanum
323 3490 403 3538 misit
442 3490 489 3557 qui
509 3499 538 3541 ut
557 3491 661 3559 accepit
683 3498 711 3540 et
737 3489 899 3541 seutentiam
921 3489 977 3538 eius
995 3487 1125 3556 percepit,
1145 3501 1203 3534 ms-

107 3575 161 3626 gua
181 3558 322 3626 voluptate
344 3561 454 3608 allectus
476 3567 524 3608 est.
586 3577 592 3587 ·
1143 3599 1148 3606 .

180 3642 316 3694 Vivebaut
343 3643 391 3692 illa
415 3651 574 3711 tempestate
595 3645 622 3694 in
648 3645 752 3711 palatio
773 3643 844 3708 regio
876 3639 1038 3691 nobilissimi
1061 3637 1204 3688 eteruditi

106 3713 251 3770 homiues,
283 3729 315 3760 ex
332 3711 399 3761 urbe
418 3713 587 3778 Trapezunte
619 3714 687 3771 orti,
713 3730 727 3761 e
757 3713 854 3779 quibus
875 3717 932 3760 erat
956 3722 1024 3758 unus
1045 3709 1202 3758 Amerutzae

109 3784 193 3840 filius,
214 3781 382 3831 Mecbemetu
402 3783 493 3845 begns,
514 3780 683 3831 doctissimus
701 3789 729 3830 et
749 3781 942 3830 scientissimus
965 3787 1019 3828 tum
1040 3779 1203 3826 Graecarum

107 3861 167 3901 tum
188 3851 359 3900 Arabicarum
388 3851 535 3900 literarum:
580 3858 793 3917 teutonumque
821 3850 925 3915 inipso
956 3847 1077 3897 doctrina
1098 3854 1154 3894 orat
1173 3853 1204 3895 ut

104 3922 193 3970 'libros
213 3929 328 3979 nostros,
347 3919 524 3971 Christianam
545 3921 702 3984 religionem
721 3919 891 3968 continentes
911 3924 938 3965 et
957 3917 1033 3976 alios,
1056 3918 1127 3963 iussu
1148 3914 1205 3962 sul.

108 3991 166 4040 tani
179 3991 209 4038 in
222 3989 363 4039 Arabicam
383 3988 540 4038 truuslerret
562 3989 690 4053 linguam.
708 4003 846 4054 nunquam
874 3988 943 4035 enim
964 3986 1042 4034 linem
1065 4000 1097 4032 en
1116 3999 1157 4043 eo,
1176 3990 1205 4048 ut

108 4059 217 4111 erudito
237 4059 367 4120 homine,
386 4066 412 4109 et
438 4075 470 4108 es
494 4057 554 4106 aliis
574 4057 658 4108 doctis
683 4057 777 4107 aulicis
800 4054 832 4106 de
860 4055 913 4104 fide
933 4054 1085 4106 Christiana
1113 4051 1204 4103 scisci·
