2884 4775
545 196 746 293 notities.
880 190 918 250 ”
1134 238 1180 307 75

89 376 204 447 σαν“’ἐν
220 364 356 467 Ἀμοισιζι
376 374 406 441 οῖ
428 379 622 460 γενίτζαροι,
645 380 698 444 καί
717 374 764 443 ὅτι
788 381 931 454 α’τοξκτως
945 384 1105 469 ἕποι’ῃσαν,
1128 394 1184 455 καί

89 483 283 563 ἐπλησίασαν
313 478 430 551 αι’τοδς
466 478 535 540 τότε
567 483 653 564 αὐτῷ
674 479 730 542 καί
752 476 882 561 ἐζήτουν
903 482 1034 563 δωρεάς.
1078 492 1181 553 ταῦτα

89 577 309 664 δὲἀοιὴματα
329 576 439 651 κακίας
461 579 562 641 ου’τοῦ
584 579 796 663 ἐκπληρώσας,
818 582 873 643 καί
894 581 998 662 ὀλίγον
1016 585 1129 666 χρόνον
1150 591 1184 653 ἐν

89 674 422 741 Κωνσταντινουσὸλει
453 678 624 759 διατρίψας
661 681 881 761 αἰιῆλθενείς
913 680 1183 764 Ἀδριανοόαολιν.

61 780 195 860 5γὲγονε
219 779 252 839 δὲ
275 779 308 839 ἐν
330 780 371 863 τῷ
404 772 465 839 ἔτει
485 778 590 863 ἐκείνῳ
611 781 643 839 ἐν
662 778 921 860 Ἀδριανουττόλει
940 785 1038 863 μέγας
1061 786 1182 869 ἐμπρη-

89 877 180 963 opos,
199 879 234 939 ἐκ
254 880 311 938 τοῦ
325 878 448 958 «μέρους
462 880 520 939 τοῦ
539 876 676 939 νοτιαίου
700 878 873 959 α’ρξάμενος
894 883 949 942 καί
980 881 1081 962 ἐμβὰς
1102 879 1181 967 ἄχρι

88 980 209 1039 πολλοῦ
239 970 476 1061 διαστήματοςῃ
494 972 574 1040 dors
600 976 867 1060 οἷαοτεφριοδῆνοιι
900 978 954 1042 κατ’
976 979 1048 1056 τούς
1069 984 1181 1059 λίθους

88 1073 207 1149 adsocia
227 1077 282 1137 κατ’
303 1073 419 1157 ἔρημον
437 1073 494 1157 τήν
513 1077 772 1158 Ἀδριανούπολιν
792 1080 976 1161 φαίνεσθαι.

198 1178 248 1259 Τῷ
271 1171 355 1259 αὐτῷ
384 1176 419 1237 δὲ
446 1172 660 1239 ἔτει·’δὲδοτκε
692 1178 749 1238 καί
765 1175 903 1263 τῷ’,υλῷ
923 1180 1023 1242 αὑτοῦ
1039 1180 1181 1247 σουλτοὶν
1213 1240 1218 1247 ,

45 1287 79 1339 10
91 1273 286 1360 Σουλεϊμοίνῃ
307 1276 462 1359 σκῆπτρον
480 1272 536 1359 τὴν
558 1278 770 1358 Μαγνησίαν,
796 1273 850 1338 καί
873 1276 1016 1359 ἀπῆλθεν
1035 1280 1108 1363 ε’κεῖ,
1127 1284 1182 1345 καί

89 1376 229 1455 διέτριβε
257 1377 426 1453 βασιλικῶς
457 1377 518 1449 ζῶν
553 1378 607 1438 καί
634 1375 785 1456 α’νδρείως
813 1373 1016 1461 τρεφόμενος.
1071 1375 1181 1443 ἔπειτα

88 1469 251 1555 στρατεύει
272 1473 351 1535 κατὰ
373 1478 436 1537 τῶν
453 1472 622 1550 Τζιυτίδων
643 1472 697 1536 καί
718 1479 776 1537 τοῦ
795 1478 964 1560 Menapios,
986 1472 1066 1541 ὅπου
1086 1476 1181 1561 ἔλαβε
1244 1467 1246 1473 ¹

86 1570 146 1654 τήν
171 1574 411 1653 Τουρκομανιάν
436 1576 494 1636 τοῦ
510 1572 702 1653 Ἀνατοβλοῖ·
743 1574 957 1650 αἀοθανόντος
985 1573 1047 1658 γὰρ
1065 1576 1179 1641 τούτου

88 1668 144 1733 καί
164 1668 290 1752 ἔχοντος
312 1670 446 1747 πολλοὺς
467 1672 521 1735 καί
542 1672 691 1754 οἶαείρονς
712 1672 893 1758 διαδόχους,
915 1673 1005 1749 υἱοδς
1026 1674 1179 1757 α’νεψιούς

47 1782 78 1834 15
89 1772 143 1833 καί
166 1764 290 1849 ἄλλους,
308 1775 362 1835 καί
375 1771 605 1847 στασιάσαντας
622 1771 655 1835 ἐν
670 1774 787 1856 αὑτοῖς,
808 1774 928 1857 ἐνίκησε
944 1776 1083 1855 τούτους,
1104 1776 1180 1851 τοδς

87 1874 147 1950 μὲν
169 1868 336 1954 φυγόντας,
360 1872 434 1947 τούς
458 1874 493 1934 δὲ
514 1872 787 1955 προσκυνήσαντας
809 1872 916 1938 αὐτόν.
959 1877 1026 1939 ἐκεῖ
1044 1870 1099 1938 cdv
1120 1900 1178 1939 αο.

87 1971 193 2049 λεμοῖν
216 1973 337 2055 πρῶτον
359 1971 452 2053 ἔλαβε
473 1969 507 2035 τὰ
534 1973 646 2041 Χαλεα
668 1965 744 2034 ἄνευ
768 1978 907 2053 πολέμου
928 1971 1031 2049 τινός·
1050 1989 1053 2000 “
1074 1972 1091 2037 ὁ
1114 1976 1176 2058 γὰρ

35 2141 39 2150 Ι
87 2066 229 2153 α’ρχηγός
250 2073 308 2134 τοῦ
321 2072 444 2154 Χάλτα,
468 2060 490 2158 ᾧ
512 2064 610 2151 ὄνομα
623 2076 822 2156 Χαηρμσὲϊς,’
840 2071 1071 2159 εἰτροσκδνῃσεν
1092 2077 1178 2164 αὐτῷ

86 2169 143 2232 κατ’
153 2168 216 2257 ,τὴν
241 2170 332 2234 πόλιν
351 2170 476 2235 ἔδωκεν.
517 2172 702 2249 ἐδεξιώσατο
727 2174 756 2235 δ’
780 2167 879 2237 adada
898 2172 914 2236 ὁ
930 2176 1065 2257 Σελίμης
1085 2166 1178 2251 οὗτος

42 2272 141 2335 2οκαί
163 2272 251 2351 δῶρα
277 2269 374 2334 πολλοὶ
406 2270 520 2353 ἔδωκε,
543 2270 597 2336 καί
615 2270 770 2353 ὑπέσχετο
797 2268 847 2335 δτι
868 2270 925 2337 ε’ἂν
945 2273 1026 2361 λα’βῃ
1050 2274 1085 2338 τὸ
1107 2281 1176 2341 Μι-

85 2372 163 2453 σίρι,
185 2368 297 2458 ποιήσῃ
334 2372 431 2435 αὐτὸν
447 2374 628 2438 ’σουλτᾶνον
649 2373 725 2436 ἐκεῖ.
773 2369 858 2454 ἔλεγε
880 2375 915 2438 δὲ
939 2372 1026 2461 αὐτῷ
1041 2377 1096 2439 καί
1114 2403 1181 2439 αα·

85 2469 211 2555 ρεκίνει,
235 2473 286 2534 ἵνα
309 2474 393 2558 δείξῃ
427 2473 513 2559 αὐτῷ
540 2476 656 2558 τρόπον
689 2477 745 2537 καί
765 2473 875 2562 διδάξῃ
907 2475 971 2538 τῶν
997 2472 1102 2540 τόσων
1120 2471 1186 2554 τὰς’

87 2752 154 2794 tunc
170 2752 237 2794 tuuc
254 2731 412 2808 accedentes
432 2743 586 2796 donativum
600 2745 753 2813 flagitarint.
776 2746 817 2798 bis
834 2748 1010 2815 malignitatis
1029 2765 1093 2799 suae
1110 2766 1177 2818 ope.

85 2816 159 2867 ribus
179 2819 313 2884 peractis:
333 2824 395 2884 post
412 2815 519 2866 brevem
532 2817 768 2885 Constantinopoli
787 2820 1021 2869 commorationem
1042 2821 1177 2872 Adriano-

84 2889 162 2955 pulin
181 2887 255 2938 abiit.
294 2889 385 2939 extitit
407 2905 438 2938 eo
460 2905 529 2939 anno
549 2905 672 2956 magnum
692 2889 869 2956 adrianopoli
889 2889 1058 2954 incendium3
1077 2891 1178 2959 quoda

84 2958 210 3024 partein
231 2959 354 3010 Austrum
374 2968 513 3027 spectante
533 2963 624 3028 coepit
641 2969 669 3010 et
687 2977 736 3029 per
759 2960 868 3028 longum
885 2961 1056 3010 intervallum
1079 2979 1107 3012 se
1129 2979 1177 3012 ex-

84 3029 191 3094 tendit;
209 3047 263 3099 quo
293 3031 345 3099 ipsi
374 3031 453 3081 etiam
483 3031 586 3099 lapides
617 3031 645 3080 in
672 3031 790 3085 favillam
811 3031 963 3099 consumpti
983 3040 1047 3082 sunt
1066 3039 1094 3083 ct
1112 3031 1177 3084 urbs

83 3102 203 3169 speciem
237 3100 369 3171 quandam
387 3102 541 3153 solitudinis
562 3101 667 3153 habuit.

120 3188 222 3240 Eodem
236 3205 306 3239 anno
318 3189 375 3238 lilio
388 3189 563 3254 Suleimanae
572 3189 683 3240 Selimes
695 3187 861 3237 dominatum
872 3186 1022 3252 Magnesiae
1032 3192 1176 3256 concessit3

83 3261 130 3328 qni
153 3267 181 3310 nt
199 3277 231 3310 eo
250 3260 386 3326 profectus
406 3263 504 3326 regiain
522 3259 560 3320 ibi
576 3260 654 3310 vitam
674 3260 736 3324 egit,
755 3266 782 3308 et
802 3257 835 3307 ad
856 3258 895 3308 res
914 3259 1025 3308 bellicas
1041 3260 1177 3331 fortiaque

84 3331 206 3380 l'acinora
226 3329 352 3382 educatus
373 3340 420 3382 est.
439 3330 623 3382 armadeiride
638 3328 790 3379 in'lintidas
808 3339 835 3380 et
851 3330 984 3380 Alcairum
1002 3333 1094 3382 movit.
1114 3340 1178 3384 tunc

83 3401 1177 3473 'linconeniamcepiacuiAnatoblaspraefueranmortuoenimlrocrelicttsqus

83 3474 189 3534 multis,
210 3490 299 3528 ,rernm
321 3475 496 3539 gerendarum
513 3473 656 3542 imperitis,
673 3473 880 3534 successoribus,
905 3473 976 3523 inter
996 3492 1025 3525 se
1044 3474 1177 3526 seditione

84 3545 273 3594 laborantibus
285 3545 347 3595 liliis
360 3546 526 3612 patruelibus
538 3553 565 3595 et
579 3545 647 3607 aliis,
660 3544 717 3610 ipse
728 3543 778 3594 hos
795 3544 957 3608 debellavit3
968 3562 1081 3614 quorum
1092 3547 1177 3614 aliqui

82 3617 281 3683 profugerunt,
314 3618 363 3666 alii
393 3633 421 3667 se
449 3616 619 3667 dediderunt.
667 3616 724 3665 illic
752 3617 833 3682 igitur
858 3614 960 3664 bellum
978 3628 1071 3683 gerens
1092 3620 1177 3685 primo

85 3685 235 3753 Chalepum
254 3687 330 3753 (olim
348 3687 538 3757 Epiphaniam)
557 3687 639 3754 cepit,
660 3686 761 3754 absque
780 3685 961 3748 dimicatione,
981 3689 1118 3754 praefecto
1138 3689 1176 3738 ci·

83 3758 186 3816 vitatis,
208 3758 250 3807 cui
275 3774 374 3811 nomen
395 3758 544 3809 Chaerbeio
564 3765 638 3817 erat,
658 3774 685 3807 se
704 3756 881 3808 submittente
902 3764 930 3807 et
948 3755 1112 3810 deditionem
1135 3760 1176 3809 fa-

85 3829 184 3878 ciente.
222 3845 302 3897 quern
322 3830 467 3881 clementer
487 3829 726 3896 excepitSelirnes,
742 3829 833 3877 multis
852 3828 1008 3879 muneribus
1029 3829 1176 3893 honorans,

84 3899 227 3967 pollicitus
246 3899 357 3966 insuper
376 3919 413 3962 se,
434 3900 479 3951 abi
501 3900 633 3950 Alcairum
655 3907 682 3949 et
701 3904 850 3965 Aegyptum
868 3901 896 3949 in
915 3907 1075 3966 potestatem
1096 3901 1177 3951 redc-

86 3972 179 4035 gisset,
198 3970 284 4038 ipsum
306 3970 344 4029 ibi
365 3989 454 4038 regern
473 3972 690 4021 constituturum.
730 3970 889 4020 hortabatur
908 3971 1005 4039 ipsum,
1023 3970 1076 4021 sibi
1097 3989 1178 4027 mon-,-

86 4049 185 4092 straret
202 4041 330 4103 modom,
348 4051 375 4094 et
394 4045 448 4094 vias
467 4041 611 4112 aditusque
633 4040 766 4091 indicaret
784 4041 911 4091 locorum.
948 4042 1088 4094 metuebat
1105 4044 1176 4093 euim

88 4110 274 4181 difficultatem
301 4101 420 4166 illorum⁸
437 4115 575 4176 locorum,
602 4129 671 4182 quae
692 4128 798 4179 accessu
818 4128 911 4184 aspera
932 4121 960 4166 et
978 4112 1071 4177 ardua,
1088 4110 1176 4164 arenis
