2884 4775
469 240 788 339 eururrucurcr.
1100 266 1169 341 163

71 412 158 503 ἧλθα
180 425 245 485 tuot
277 423 322 493 εἰς
352 419 386 484 τὸ
420 418 533 504 διβάνη
552 423 584 485 τὸ
605 420 787 504 βασιλικόν,
809 423 915 503 ὖπῆγα
939 422 995 486 καί
1012 425 1171 504 ἕπροσκά.

71 544 153 603 νησα
175 518 231 584 τάν
250 523 422 600 βασιλίαν,
453 524 508 584 καί
527 514 626 604 άρτζη
647 525 706 585 τοῦ
725 522 757 585 τὸ
780 520 893 602 ἔκαμα.
937 528 991 586 καί
1013 515 1103 603 άρισε
1122 516 1169 586 ὅτι

70 618 110 683 νά
136 623 236 705 φέρῃς
258 622 313 681 τοῦ
335 622 616 716 Μουσοιιλμάνρος
637 623 776 695 ἐκείνους
806 621 889 684 dauri
909 616 993 696 εἶπες
1020 616 1067 685 ὅτι
1085 619 1170 703 ἔχεις

72 717 247 798 μάρτυρες,
270 713 309 778 νά
337 716 410 788 τούς
432 717 632 798 ἐρωτηοομιν
663 718 696 780 ’τί
714 720 869 799 η’ξεάρουν
898 723 942 793 εἰς
973 723 1075 805 τοῦτο.
1117 718 1172 782 καί

45 812 116 891 ὃώς
138 810 178 877 άν
201 815 274 888 τούς
298 814 492 896 άκοάσωμο,
515 820 603 878 θέλει
624 820 705 898 γένει
729 816 824 881 πάλιν
845 811 945 902 άρτζη
966 820 1010 893 εἰς
1032 816 1087 882 τὸν
1109 823 1172 896 βα-

72 916 193 991 σιλέαν,
213 912 269 976 καί
286 912 394 988 καθώς
416 913 519 999 ὁρίση·
574 914 682 977 λοιπὸν
704 918 783 999 φέρε
804 914 879 990 roric,-
892 922 1063 999 μάρτυρές
1082 924 1172 981 σου.”

73 1009 146 1075 τότε
167 1010 357 1093 α’πεκρίθηὸ
379 1014 589 1095 πατριάρχης,
610 1016 665 1075 καί
677 1007 746 1076 εἷπε
769 1012 846 1095 πρὸς
858 1013 911 1079 τὸν
924 1018 1034 1101 βεζίρη
1055 1022 1172 1080 “σουλ-

73 1109 146 1173 τάνε
180 1132 264 1188 μου,
295 1109 323 1173 οἱ
355 1113 517 1192 μάρτυρές
545 1133 608 1190 μου
637 1109 699 1176 ted
733 1115 785 1176 ιλὲν
808 1107 910 1193 εἶναι,
928 1112 1026 1193 μόνον
1048 1116 1092 1189 είς
1114 1116 1173 1198 τὴν
1258 1122 1262 1131 ’

74 1211 350 1289 Ἀδριανοάπολιν·
373 1212 429 1272 καί
450 1212 532 1293 ζητοῖ
551 1212 688 1290 1*βαντά
707 1210 828 1292 ἡμέρας
850 1210 968 1297 εἴκοσι,
989 1212 1034 1276 νά
1052 1217 1175 1291 στείλω,

29 1329 66 1381 10
76 1307 115 1372 νά
138 1307 213 1385 τοάς
231 1309 373 1393 ίφέρω.”
414 1308 552 1385 οἰκούσας
575 1313 610 1374 δὲ
631 1309 648 1372 ὅ
671 1312 893 1383 πασιάςτοῦτο
913 1308 1011 1375 ἔδωκέ
1035 1335 1092 1375 του
1116 1310 1172 1376 τὸν

74 1411 189 1489 βαντά.
238 1408 293 1471 καί
323 1403 421 1481 οὕτως
449 1407 681 1491 ε’προσκάνησεν
709 1404 726 1470 ά
751 1410 970 1493 πατριάρχης,
1001 1414 1056 1474 καί
1086 1412 1175 1494 ἐξέβη

74 1503 139 1583 ἔξω
160 1504 223 1571 α’πὸ
253 1504 289 1569 τά
320 1506 435 1590 άιβάνη
457 1505 539 1584 μετά
559 1510 616 1589 τῆς
635 1508 784 1583 συνοδίας
817 1508 919 1571 αὐτοῦ
939 1509 993 1571 καί
1013 1502 1111 1593 ἦλθον
1132 1510 1177 1581 τίς

74 1601 134 1688 την
161 1602 300 1689 μεγάλην
330 1607 503 1690 ἐκκλησίαν.
558 1611 612 1670 καί
632 1606 812 1689 παρενθύς
841 1611 1024 1672 α’πέστειλεν
1048 1610 1178 1690 α’νθροί-

77 1728 159 1779 πους
180 1703 472 1787 πρακτικωτάτους·
526 1709 582 1769 καί
611 1706 736 1787 άπῆγαν
763 1707 808 1781 εἰς
835 1706 892 1790 την
918 1708 1179 1789 Ἀδριανοάπολιν

33 1815 68 1866 15
75 1800 159 1882 μετά
181 1799 327 1884 μεγάλων
347 1802 558 1885 χαρισμάτων
578 1804 632 1867 καί
645 1803 766 1884 δώρων,
787 1806 842 1868 καί
865 1796 968 1887 ηὗρον
989 1805 1062 1881 τοάς
1078 1810 1177 1870 Μου-

76 1901 277 1981 σοολμάνοος
300 1904 437 1977 ἐκείνους
459 1901 540 1966 (inuri
571 1902 694 1986 άπῆγαν
714 1906 759 1966 δι’
789 1905 926 1983 αάτοάς,
951 1903 988 1967 νά
1010 1904 1083 1977 τούς
1103 1907 1178 1990 ἐφί-

77 2023 167 2081 ρουν.
209 2000 264 2063 καί
285 1998 443 2082 άμίλησαν
468 2004 538 2078 μετ’
560 2002 699 2075 αὐτούς·
749 2006 804 2065 καί
825 2000 864 2065 τά
887 2004 975 2085 δῶρα
996 2005 1049 2066 ἐπί
1066 2010 1179 2084 χεῖρας
1190 2016 1241 2071 16⁰

77 2096 208 2178 ἔλαβαν,
229 2099 337 2174 καθώς
360 2103 475 2164 ἐκείνοι
505 2094 635 2183 ἤθελον.
683 2099 754 2165 τότε
776 2103 1030 2182 ἐκαβαλίκεοσαν,
1051 2106 1105 2164 καί
1125 2096 1180 2182 ἤλ-

79 2203 146 2260 θαν
169 2193 250 2278 ὁμοῦ
273 2197 353 2278 μετά
377 2203 699 2278 τῶνάπεσταλμένων
720 2201 808 2283 παρὰ
825 2206 884 2264 τοῦ
908 2198 1109 2281 πατριάρχου
1134 2191 1180 2274 τίς

34 2296 139 2381 λθτην
161 2300 299 2382 μεγάλην
328 2298 504 2382 ἐκκλησίαν.
546 2299 599 2362 καί
625 2302 759 2382 ἕκατέβη
795 2296 1029 2382 ὄπατριάρχης
1058 2302 1103 2373 εἰς
1126 2296 1182 2382 την

81 2397 194 2481 αάλην,
217 2403 271 2463 καί
294 2399 470 2482 η’γκαλίσθη
491 2397 625 2479 αάτοάς,
648 2400 704 2463 καί
719 2399 793 2476 τούς
826 2402 944 2484 ἐδέχθη
964 2398 1042 2480 μετά
1066 2403 1201 2483 πολλῆςῚ

81 2497 225 2583 άγάπης·
277 2497 333 2561 καί
362 2502 415 2581 τῆς
441 2496 529 2579 άρας
559 2499 671 2578 τόπον,
700 2503 756 2563 καί
777 2500 949 2584 ἐκάθισαν,
980 2497 1035 2563 καί
1054 2493 1179 2585 φαγητά

83 2599 228 2681 διάφορα
258 2596 336 2670 ruric
356 2596 452 2683 ἔφερε
484 2601 539 2661 καί
566 2597 698 2684 ῥοάχα·
749 2599 804 2662 καί
831 2598 1069 2683 άνοπαάθησον.
1112 2595 1181 2662 τότε

158 2755 201 2808 22.
219 2755 319 2829 τόπον]
343 2757 429 2811 ἔδωκε
445 2756 521 2808 addit
541 2724 649 2808 Cruairu

83 2925 220 2973 veneram,
238 2909 293 2960 abii
314 2918 410 2979 postca
440 2910 473 2961 ad
504 2926 591 2977 regem
616 2919 644 2961 et
670 2909 778 2960 adoravi
804 2908 996 2977 negotiumque
1014 2909 1038 2959 ei
1058 2907 1181 2978 exposuiae

83 2979 197 3031 mandat
218 2981 239 3031 ia
257 2996 319 3048 ergo
350 2989 380 3032 ut
405 2980 523 3031 adducas
552 2981 737 3031 Mueuimauos
767 2980 832 3030 ictos
859 2979 893 3028 de
913 2979 1010 3047 quibus
1031 2979 1132 3040 dixisti,
1152 2987 1180 3030 te

84 3067 180 3101 eorum
198 3052 354 3102 teatimouio
375 3069 492 3112 usurum,
513 3059 543 3101 ut
555 3067 587 3100 ex
608 3052 639 3101 iis
659 3067 820 3119 quaeramus
836 3048 904 3118 quid
922 3049 969 3098 ilia
987 3047 1021 3098 de
1037 3067 1064 3100 re
1084 3051 1178 3116 cogui-

83 3129 143 3172 tum
168 3120 292 3173 habeant.
360 3121 448 3173 uando
468 3139 514 3172 eos
528 3120 725 3182 audiverimus,
746 3137 786 3170 res
804 3119 949 3182 iterumad
971 3136 1059 3188 regern
1078 3120 1179 3170 resere-

84 3200 138 3251 tur,
162 3192 262 3261 fietque
283 3140 357 3261 quo]
378 3195 435 3261 ipse
458 3193 636 3260 imperaverit.
684 3189 799 3259 proinde
823 3198 907 3240 testes
928 3198 989 3239 tuos
1011 3189 1179 3258 producito.¹'

82 3270 151 3312 tuuc
171 3262 320 3330 patriarcha
339 3263 373 3313 ad
395 3265 506 3314 recitem
525 3271 626 3311 “testea
639 3263 708 3311 mei”
729 3262 826 3330 iuquit,
846 3261 902 3310 “rui
922 3260 1040 3320 domiue,
1059 3260 1103 3311 hic
1123 3278 1179 3312 nou

82 3342 159 3394 eunt,
178 3333 226 3383 sed
247 3333 430 3402 Adriauopoii.
467 3334 530 3384 ideo
550 3331 709 3382 dilationem
737 3340 800 3400 peto
819 3331 913 3398 viginti
932 3330 1044 3392 dierum,
1065 3340 1095 3382 ut
1113 3332 1178 3383 mit-

81 3410 140 3454 tam
161 3403 207 3471 qui
226 3420 272 3453 eoa
292 3403 453 3454 adducant.''
488 3404 565 3454 baara
583 3400 636 3452 hoc
648 3401 741 3452 audito
761 3402 886 3470 petitioni
905 3403 962 3452 eiua
977 3402 1082 3454 anuuit.
1119 3410 1177 3454 tum

82 3482 240 3524 reverenter
260 3490 288 3524 se
308 3475 442 3525 inclinans
457 3472 605 3543 patriarcha
624 3473 771 3524 ecoucilio
790 3473 874 3522 exivit
887 3488 947 3522 cum
967 3474 1095 3523 comitatu
1117 3491 1180 3536 ruo,

82 3551 111 3594 et
129 3544 158 3594 iu
177 3560 299 3610 magnam
317 3545 458 3596 ecclesiam
487 3562 534 3596 eeu
565 3543 762 3611 patriarcheum
790 3543 880 3594 rediit.
916 3551 943 3592 at
962 3545 1103 3594 confertim
1125 3543 1176 3594 ho-

81 3615 171 3664 miues
190 3629 240 3664 usu
260 3632 347 3666 rerum
363 3616 599 3670 exercitatissimos
618 3615 764 3682 expedivit,
784 3617 830 3681 qui
846 3613 955 3664 Adriani
972 3613 1064 3664 urbem
1083 3615 1175 3666 multia

80 3684 243 3753 magnisque
268 3702 328 3738 cum
356 3687 512 3737 muneribus
532 3685 704 3755 petiverunt,
731 3683 778 3734 ubi
798 3684 980 3734 Musuimanos
1003 3684 1085 3747 iiius,
1105 3701 1175 3754 quo-

81 3773 141 3804 rum
160 3772 239 3806 cauea
260 3757 479 3808 accersendoruru
500 3758 551 3806 iter
570 3763 751 3823 susceperant,
771 3754 939 3806 invenerunt.
975 3770 1036 3804 cum
1056 3754 1097 3804 hia
1116 3755 1175 3804 col-

80 3826 168 3878 locuti
187 3824 267 3888 au'nt3
297 3828 333 3877 eia
352 3827 422 3878 dona
443 3827 491 3878 illa
508 3828 537 3878 iu
560 3841 654 3876 mauu·
683 3825 794 3888 dedere,
823 3825 921 3894 quibua
948 3827 1067 3892 acceptia
1086 3826 1174 3876 auimo

80 3912 176 3946 eorum
194 3897 360 3948 satisfactum
380 3906 428 3950 eat.
465 3907 529 3948 tuuc
547 3897 704 3963 equitarunt
722 3913 781 3946 cum
804 3894 898 3962 legatia
915 3895 1082 3963 patriarchae
1100 3905 1128 3947 et
1145 3896 1174 3948 iu

80 3983 206 4034 maguam
224 3969 365 4020 eccleciam
383 3977 571 4038 pervenerunt.
610 3966 750 4018 descendit
770 3964 920 4034 patriarcha
940 3966 968 4015 in
982 3982 1079 4028 aream,
1101 3983 1176 4017 coru-

80 4038 236 4106 plexueque
261 4038 382 4107 hospites
412 4040 523 4090 comiter
553 4048 579 4090 et
599 4039 715 4104 benigue
738 4038 860 4104 excepit,
879 4038 1018 4087 aestatim
1037 4038 1066 4087 iu
1086 4037 1173 4087 iocum

81 4108 163 4159 duxit
182 4107 229 4158 ubi
247 4110 414 4173 accederunt,
434 4119 463 4161 et
483 4110 554 4162 varia
574 4110 676 4163 cibaria
700 4108 830 4178 apposuit
854 4116 997 4176 vestesque
1015 4106 1098 4158 dedit.
1135 4109 1187 4162 ita,
