<?xml version="1.0" encoding="UTF-8"?>
<!DOCTYPE html PUBLIC "-//W3C//DTD XHTML 1.0 Transitional//EN"
    "http://www.w3.org/TR/xhtml1/DTD/xhtml1-transitional.dtd">
<html xmlns="http://www.w3.org/1999/xhtml" xml:lang="en" lang="en">
 <head>
  <title>
</title>
<meta http-equiv="Content-Type" content="text/html;charset=utf-8" />
  <meta name='ocr-system' content='tesseract 3.04.00' />
  <meta name='ocr-capabilities' content='ocr_page ocr_carea ocr_par ocr_line ocrx_word'/>
</head>
<body>
  <div class='ocr_page' id='page_1' title='image "./historiapolitic01bekkgoog_0102.png"; bbox 0 0 2884 4775; ppageno 0'>
   <div class='ocr_carea' id='block_1_1' title="bbox 257 212 893 285">
    <p class='ocr_par' dir='ltr' id='par_1_1' title="bbox 257 212 893 285">
     <span class='ocr_line' id='line_1_1' title="bbox 257 212 893 285; baseline -0.013 0"><span class='ocrx_word' id='word_1_1' title='bbox 257 214 305 285; x_wconf 70' lang='lat'>92</span> <span class='ocrx_word' id='word_1_2' title='bbox 699 212 893 280; x_wconf 75' lang='lat' dir='ltr'>fllsaolut</span> 
     </span>
    </p>
   </div>
   <div class='ocr_carea' id='block_1_2' title="bbox 161 353 1436 2136">
    <p class='ocr_par' dir='ltr' id='par_1_2' title="bbox 161 353 1436 2136">
     <span class='ocr_line' id='line_1_2' title="bbox 255 353 1347 453; baseline -0.005 -20"><span class='ocrx_word' id='word_1_3' title='bbox 255 365 352 453; x_wconf 72' lang='grc' dir='ltr'><strong><em>μύλης</em></strong></span> <span class='ocrx_word' id='word_1_4' title='bbox 371 366 428 432; x_wconf 89' lang='grc' dir='ltr'>τοῦ</span> <span class='ocrx_word' id='word_1_5' title='bbox 447 366 557 452; x_wconf 82' lang='grc' dir='ltr'><strong><em>Ἰησοῦ.</em></strong></span> <span class='ocrx_word' id='word_1_6' title='bbox 608 361 663 429; x_wconf 81' lang='grc' dir='ltr'><strong><em>καί</em></strong></span> <span class='ocrx_word' id='word_1_7' title='bbox 682 358 732 429; x_wconf 80' lang='lat' dir='ltr'>du</span> <span class='ocrx_word' id='word_1_8' title='bbox 753 367 855 429; x_wconf 80' lang='grc' dir='ltr'><strong><em>πᾶσαι</em></strong></span> <span class='ocrx_word' id='word_1_9' title='bbox 874 354 971 427; x_wconf 86' lang='grc' dir='ltr'><strong><em>αῦται</em></strong></span> <span class='ocrx_word' id='word_1_10' title='bbox 993 357 1029 425; x_wconf 83' lang='grc' dir='ltr'>αἱ</span> <span class='ocrx_word' id='word_1_11' title='bbox 1047 368 1241 447; x_wconf 77' lang='grc' dir='ltr'><strong><em>προφητεῖαι</em></strong></span> <span class='ocrx_word' id='word_1_12' title='bbox 1264 353 1347 447; x_wconf 78' lang='grc' dir='ltr'><strong><em>ἦσαν</em></strong></span> 
     </span>
     <span class='ocr_line' id='line_1_3' title="bbox 256 462 783 551; baseline -0.008 -19"><span class='ocrx_word' id='word_1_13' title='bbox 256 464 511 551; x_wconf 77' lang='grc' dir='ltr'><strong><em>α’παρύγραπτοι,</em></strong></span> <span class='ocrx_word' id='word_1_14' title='bbox 530 462 645 548; x_wconf 77' lang='grc' dir='ltr'><strong><em>ἔχομεν</em></strong></span> <span class='ocrx_word' id='word_1_15' title='bbox 668 465 783 541; x_wconf 77' lang='grc' dir='ltr'><strong><em>δεῖξαι.</em></strong></span> 
     </span>
     <span class='ocr_line' id='line_1_4' title="bbox 340 559 1348 649; baseline -0.013 -18"><span class='ocrx_word' id='word_1_16' title='bbox 340 564 385 635; x_wconf 86' lang='grc' dir='ltr'><strong><em>ιε’.</em></strong></span> <span class='ocrx_word' id='word_1_17' title='bbox 422 562 490 631; x_wconf 89' lang='grc' dir='ltr'>Ὅτι</span> <span class='ocrx_word' id='word_1_18' title='bbox 505 562 540 629; x_wconf 87' lang='grc' dir='ltr'>αἱ</span> <span class='ocrx_word' id='word_1_19' title='bbox 560 566 687 649; x_wconf 74' lang='grc' dir='ltr'><strong><em>γραφαί</em></strong></span> <span class='ocrx_word' id='word_1_20' title='bbox 704 566 806 626; x_wconf 80' lang='grc' dir='ltr'><strong><em>πᾶσαι</em></strong></span> <span class='ocrx_word' id='word_1_21' title='bbox 822 564 876 645; x_wconf 74' lang='grc' dir='ltr'>τῆς</span> <span class='ocrx_word' id='word_1_22' title='bbox 892 564 1024 635; x_wconf 76' lang='grc' dir='ltr'><strong><em>πίστεως</em></strong></span> <span class='ocrx_word' id='word_1_23' title='bbox 1043 559 1134 645; x_wconf 74' lang='grc' dir='ltr'><strong><em>ἡμῶν</em></strong></span> <span class='ocrx_word' id='word_1_24' title='bbox 1151 562 1348 645; x_wconf 85' lang='grc' dir='ltr'><strong><em>σομφωνσῦ.</em></strong></span> 
     </span>
     <span class='ocr_line' id='line_1_5' title="bbox 188 656 1348 745; baseline -0.009 -14"><span class='ocrx_word' id='word_1_25' title='bbox 188 690 192 695; x_wconf 88' lang='grc'><strong>’</strong></span> <span class='ocrx_word' id='word_1_26' title='bbox 256 690 308 731; x_wconf 90' lang='grc' dir='ltr'>σιν</span> <span class='ocrx_word' id='word_1_27' title='bbox 330 670 365 730; x_wconf 83' lang='grc' dir='ltr'>ἐν</span> <span class='ocrx_word' id='word_1_28' title='bbox 381 667 470 741; x_wconf 80' lang='grc' dir='ltr'><strong><em>πᾶσι,</em></strong></span> <span class='ocrx_word' id='word_1_29' title='bbox 493 660 573 728; x_wconf 84' lang='grc' dir='ltr'><strong><em>διότι</em></strong></span> <span class='ocrx_word' id='word_1_30' title='bbox 597 656 684 745; x_wconf 83' lang='grc' dir='ltr'><strong><em>εἶχον</em></strong></span> <span class='ocrx_word' id='word_1_31' title='bbox 698 658 729 726; x_wconf 82' lang='grc' dir='ltr'>οἱ</span> <span class='ocrx_word' id='word_1_32' title='bbox 748 663 926 745; x_wconf 77' lang='grc' dir='ltr'><em>γράψαντες</em></span> <span class='ocrx_word' id='word_1_33' title='bbox 948 658 1049 735; x_wconf 86' lang='grc' dir='ltr'><strong><em>αύτύς</em></strong></span> <span class='ocrx_word' id='word_1_34' title='bbox 1068 661 1123 723; x_wconf 75' lang='grc' dir='ltr'>ἕνα</span> <span class='ocrx_word' id='word_1_35' title='bbox 1146 659 1348 740; x_wconf 78' lang='grc' dir='ltr'><strong><em>διδάσκαλον,</em></strong></span> 
     </span>
     <span class='ocr_line' id='line_1_6' title="bbox 161 752 1373 848; baseline -0.002 -19"><span class='ocrx_word' id='word_1_36' title='bbox 161 783 167 799; x_wconf 68' lang='grc'><strong>“</strong></span> <span class='ocrx_word' id='word_1_37' title='bbox 256 762 314 848; x_wconf 75' lang='grc' dir='ltr'>την</span> <span class='ocrx_word' id='word_1_38' title='bbox 342 767 438 845; x_wconf 77' lang='grc' dir='ltr'><strong><em>χάριν</em></strong></span> <span class='ocrx_word' id='word_1_39' title='bbox 469 764 529 829; x_wconf 79' lang='grc' dir='ltr'>τοῦ</span> <span class='ocrx_word' id='word_1_40' title='bbox 557 762 651 829; x_wconf 74' lang='grc' dir='ltr'><strong><em>θεοῦ·</em></strong></span> <span class='ocrx_word' id='word_1_41' title='bbox 711 752 814 836; x_wconf 72' lang='grc' dir='ltr'><strong><em>ἄλλως</em></strong></span> <span class='ocrx_word' id='word_1_42' title='bbox 847 758 909 843; x_wconf 77' lang='grc' dir='ltr'>γὰρ</span> <span class='ocrx_word' id='word_1_43' title='bbox 946 758 1081 841; x_wconf 75' lang='grc' dir='ltr'><strong><em>ἔμελλον.</em></strong></span> <span class='ocrx_word' id='word_1_44' title='bbox 1104 757 1138 824; x_wconf 76' lang='grc' dir='ltr'>ἕν</span> <span class='ocrx_word' id='word_1_45' title='bbox 1169 783 1234 823; x_wconf 88' lang='grc' dir='ltr'><strong><em>τισι</em></strong></span> <span class='ocrx_word' id='word_1_46' title='bbox 1274 760 1373 826; x_wconf 83' lang='grc' dir='ltr'><strong><em>δια-5</em></strong></span> 
     </span>
     <span class='ocr_line' id='line_1_7' title="bbox 258 870 382 947; baseline -0.016 -22"><span class='ocrx_word' id='word_1_47' title='bbox 258 870 382 947; x_wconf 81' lang='grc' dir='ltr'><em>φωνεῖν.</em></span> 
     </span>
     <span class='ocr_line' id='line_1_8' title="bbox 339 950 1349 1043; baseline -0.004 -19"><span class='ocrx_word' id='word_1_48' title='bbox 339 958 390 1034; x_wconf 86' lang='grc' dir='ltr'><strong><em>ις’.</em></strong></span> <span class='ocrx_word' id='word_1_49' title='bbox 426 956 496 1025; x_wconf 86' lang='grc' dir='ltr'>Ὅτι</span> <span class='ocrx_word' id='word_1_50' title='bbox 529 958 672 1038; x_wconf 68' lang='grc' dir='ltr'><strong><em>ἐδέξαντο</em></strong></span> <span class='ocrx_word' id='word_1_51' title='bbox 700 960 816 1043; x_wconf 87' lang='grc' dir='ltr'><strong><em>ταύτην</em></strong></span> <span class='ocrx_word' id='word_1_52' title='bbox 846 957 905 1041; x_wconf 77' lang='grc' dir='ltr'>την</span> <span class='ocrx_word' id='word_1_53' title='bbox 926 960 1053 1038; x_wconf 78' lang='grc' dir='ltr'><strong><em>πίστιν,</em></strong></span> <span class='ocrx_word' id='word_1_54' title='bbox 1073 961 1146 1021; x_wconf 83' lang='grc' dir='ltr'><strong><em>νέαν</em></strong></span> <span class='ocrx_word' id='word_1_55' title='bbox 1166 950 1266 1021; x_wconf 86' lang='grc' dir='ltr'><strong><em>σύσαν</em></strong></span> <span class='ocrx_word' id='word_1_56' title='bbox 1293 958 1349 1020; x_wconf 76' lang='grc' dir='ltr'><strong><em>κατ’</em></strong></span> 
     </span>
     <span class='ocr_line' id='line_1_9' title="bbox 257 1052 1347 1144; baseline -0.003 -22"><span class='ocrx_word' id='word_1_57' title='bbox 257 1058 456 1142; x_wconf 76' lang='grc' dir='ltr'><strong><em>παράδοξον,</em></strong></span> <span class='ocrx_word' id='word_1_58' title='bbox 489 1056 519 1124; x_wconf 84' lang='grc' dir='ltr'>οὶ</span> <span class='ocrx_word' id='word_1_59' title='bbox 540 1052 706 1144; x_wconf 71' lang='grc' dir='ltr'><strong><em>ἅνθρωποι</em></strong></span> <span class='ocrx_word' id='word_1_60' title='bbox 736 1062 899 1139; x_wconf 77' lang='grc' dir='ltr'><strong><em>πανταχοῦ</em></strong></span> <span class='ocrx_word' id='word_1_61' title='bbox 924 1054 1005 1137; x_wconf 85' lang='grc' dir='ltr'><strong><em>μετύ</em></strong></span> <span class='ocrx_word' id='word_1_62' title='bbox 1032 1060 1173 1141; x_wconf 79' lang='grc' dir='ltr'><strong><em>σπουδῆς</em></strong></span> <span class='ocrx_word' id='word_1_63' title='bbox 1193 1054 1248 1121; x_wconf 72' lang='grc' dir='ltr'>κατ’</span> <span class='ocrx_word' id='word_1_64' title='bbox 1267 1053 1347 1137; x_wconf 80' lang='grc' dir='ltr'><strong><em>μετύ</em></strong></span> 
     </span>
     <span class='ocr_line' id='line_1_10' title="bbox 257 1152 1345 1240; baseline -0.001 -21"><span class='ocrx_word' id='word_1_65' title='bbox 257 1159 410 1221; x_wconf 71' lang='grc' dir='ltr'><strong><em>κινδύνων</em></strong></span> <span class='ocrx_word' id='word_1_66' title='bbox 432 1160 562 1223; x_wconf 73' lang='grc' dir='ltr'><strong><em>πολλῶν.</em></strong></span> <span class='ocrx_word' id='word_1_67' title='bbox 618 1160 672 1221; x_wconf 81' lang='grc' dir='ltr'><strong><em>καί</em></strong></span> <span class='ocrx_word' id='word_1_68' title='bbox 692 1159 731 1219; x_wconf 90' lang='grc' dir='ltr'>ού</span> <span class='ocrx_word' id='word_1_69' title='bbox 750 1152 989 1238; x_wconf 72' lang='grc' dir='ltr'><strong><em>μύνσνίύιοῖται</em></strong></span> <span class='ocrx_word' id='word_1_70' title='bbox 1012 1158 1067 1220; x_wconf 72' lang='grc' dir='ltr'>κατ’</span> <span class='ocrx_word' id='word_1_71' title='bbox 1093 1156 1239 1240; x_wconf 71' lang='grc' dir='ltr'><strong><em>ἀμαθεῖς,</em></strong></span> <span class='ocrx_word' id='word_1_72' title='bbox 1263 1153 1345 1219; x_wconf 82' lang='grc' dir='ltr'><strong><em>α’λλύ</em></strong></span> 
     </span>
     <span class='ocr_line' id='line_1_11' title="bbox 257 1253 1396 1342; baseline 0.003 -23"><span class='ocrx_word' id='word_1_73' title='bbox 257 1260 312 1321; x_wconf 86' lang='grc' dir='ltr'>καί</span> <span class='ocrx_word' id='word_1_74' title='bbox 335 1254 365 1320; x_wconf 78' lang='grc' dir='ltr'>οἱ</span> <span class='ocrx_word' id='word_1_75' title='bbox 386 1255 537 1342; x_wconf 80' lang='grc' dir='ltr'><strong><em>φρόνιμοι</em></strong></span> <span class='ocrx_word' id='word_1_76' title='bbox 567 1259 622 1320; x_wconf 82' lang='grc' dir='ltr'>καί</span> <span class='ocrx_word' id='word_1_77' title='bbox 642 1254 672 1320; x_wconf 82' lang='grc' dir='ltr'>οἱ</span> <span class='ocrx_word' id='word_1_78' title='bbox 695 1257 799 1341; x_wconf 71' lang='grc' dir='ltr'><strong><em>σοφοῦ.</em></strong></span> <span class='ocrx_word' id='word_1_79' title='bbox 849 1253 977 1320; x_wconf 74' lang='lat' dir='ltr'>saisisti</span> <span class='ocrx_word' id='word_1_80' title='bbox 1001 1254 1270 1339; x_wconf 60' lang='lat' dir='ltr'>socrosancta»,</span> <span class='ocrx_word' id='word_1_81' title='bbox 1296 1277 1348 1317; x_wconf 88' lang='grc' dir='ltr'>τε·</span> <span class='ocrx_word' id='word_1_82' title='bbox 1361 1272 1396 1323; x_wconf 83' lang='lat'>10</span> 
     </span>
     <span class='ocr_line' id='line_1_12' title="bbox 258 1354 1436 1439; baseline -0.004 -20"><span class='ocrx_word' id='word_1_83' title='bbox 258 1360 349 1431; x_wconf 77' lang='grc' dir='ltr'><strong><em>λείως</em></strong></span> <span class='ocrx_word' id='word_1_84' title='bbox 371 1355 391 1437; x_wconf 78' lang='grc' dir='ltr'><em>ἦ</em></span> <span class='ocrx_word' id='word_1_85' title='bbox 414 1354 515 1439; x_wconf 84' lang='grc' dir='ltr'><strong><em>πλύνη</em></strong></span> <span class='ocrx_word' id='word_1_86' title='bbox 536 1358 600 1419; x_wconf 76' lang='grc' dir='ltr'><strong><em>τοῖν</em></strong></span> <span class='ocrx_word' id='word_1_87' title='bbox 622 1354 789 1434; x_wconf 77' lang='grc' dir='ltr'><strong><em>δαιμόνων.</em></strong></span> <span class='ocrx_word' id='word_1_88' title='bbox 1435 1361 1436 1432; x_wconf 64' lang='lat'>1</span> 
     </span>
     <span class='ocr_line' id='line_1_13' title="bbox 341 1448 1436 1539; baseline -0.002 -21"><span class='ocrx_word' id='word_1_89' title='bbox 341 1452 390 1534; x_wconf 77' lang='grc' dir='ltr'>ιζ.</span> <span class='ocrx_word' id='word_1_90' title='bbox 425 1450 494 1521; x_wconf 87' lang='grc' dir='ltr'>Ὅτι</span> <span class='ocrx_word' id='word_1_91' title='bbox 523 1451 541 1537; x_wconf 77' lang='grc' dir='ltr'>,ἦ</span> <span class='ocrx_word' id='word_1_92' title='bbox 568 1460 673 1530; x_wconf 72' lang='grc' dir='ltr'><strong><em>πίστις</em></strong></span> <span class='ocrx_word' id='word_1_93' title='bbox 700 1448 779 1539; x_wconf 85' lang='grc' dir='ltr'><strong><em>αῦτη</em></strong></span> <span class='ocrx_word' id='word_1_94' title='bbox 806 1451 901 1518; x_wconf 79' lang='grc' dir='ltr'><strong><em>οῦδὲν</em></strong></span> <span class='ocrx_word' id='word_1_95' title='bbox 933 1455 1073 1538; x_wconf 77' lang='grc' dir='ltr'><strong><em>περιέχει</em></strong></span> <span class='ocrx_word' id='word_1_96' title='bbox 1095 1452 1252 1517; x_wconf 76' lang='grc' dir='ltr'><strong><em>α’δύνατσν</em></strong></span> <span class='ocrx_word' id='word_1_97' title='bbox 1273 1452 1350 1516; x_wconf 73' lang='lat' dir='ltr'>ccidi</span> <span class='ocrx_word' id='word_1_98' title='bbox 1435 1459 1436 1530; x_wconf 67' lang='lat' dir='ltr'>i</span> 
     </span>
     <span class='ocr_line' id='line_1_14' title="bbox 259 1547 1436 1641; baseline -0.003 -22"><span class='ocrx_word' id='word_1_99' title='bbox 259 1552 465 1641; x_wconf 84' lang='grc' dir='ltr'><strong><em>α’σύμφωνον,</em></strong></span> <span class='ocrx_word' id='word_1_100' title='bbox 490 1556 565 1619; x_wconf 68' lang='lat' dir='ltr'>ccidi</span> <span class='ocrx_word' id='word_1_101' title='bbox 585 1577 615 1619; x_wconf 83' lang='grc' dir='ltr'>τι</span> <span class='ocrx_word' id='word_1_102' title='bbox 635 1552 822 1634; x_wconf 86' lang='grc' dir='ltr'><strong><em>σωματικόν,</em></strong></span> <span class='ocrx_word' id='word_1_103' title='bbox 842 1552 923 1617; x_wconf 69' lang='lat' dir='ltr'>assa</span> <span class='ocrx_word' id='word_1_104' title='bbox 945 1554 1047 1617; x_wconf 87' lang='grc' dir='ltr'><strong><em>πόίντα</em></strong></span> <span class='ocrx_word' id='word_1_105' title='bbox 1069 1548 1275 1634; x_wconf 76' lang='grc' dir='ltr'><strong><em>πνευματικά.</em></strong></span> <span class='ocrx_word' id='word_1_106' title='bbox 1296 1550 1353 1615; x_wconf 76' lang='grc' dir='ltr'><strong><em>κατ’</em></strong></span> <span class='ocrx_word' id='word_1_107' title='bbox 1435 1547 1436 1566; x_wconf 66' lang='lat'><em>³</em></span> 
     </span>
     <span class='ocr_line' id='line_1_15' title="bbox 258 1648 1436 1739; baseline -0.005 -21"><span class='ocrx_word' id='word_1_108' title='bbox 258 1651 343 1718; x_wconf 84' lang='grc' dir='ltr'><strong><em>ε”ατιν</em></strong></span> <span class='ocrx_word' id='word_1_109' title='bbox 367 1650 439 1728; x_wconf 64' lang='lat' dir='ltr'>sidcis</span> <span class='ocrx_word' id='word_1_110' title='bbox 462 1656 606 1739; x_wconf 82' lang='grc' dir='ltr'><strong><em>φέρουσα</em></strong></span> <span class='ocrx_word' id='word_1_111' title='bbox 624 1652 684 1736; x_wconf 83' lang='grc' dir='ltr'>τύςΙ</span> <span class='ocrx_word' id='word_1_112' title='bbox 701 1650 813 1733; x_wconf 79' lang='grc' dir='ltr'><strong><em>ψυχύς</em></strong></span> <span class='ocrx_word' id='word_1_113' title='bbox 842 1654 902 1715; x_wconf 81' lang='grc' dir='ltr'><strong><em>τοῦτ</em></strong></span> <span class='ocrx_word' id='word_1_114' title='bbox 930 1652 1109 1736; x_wconf 73' lang='grc' dir='ltr'><strong><em>α’νθριύπων</em></strong></span> <span class='ocrx_word' id='word_1_115' title='bbox 1129 1654 1173 1727; x_wconf 81' lang='grc' dir='ltr'>εἰς</span> <span class='ocrx_word' id='word_1_116' title='bbox 1192 1651 1249 1737; x_wconf 75' lang='grc' dir='ltr'>την</span> <span class='ocrx_word' id='word_1_117' title='bbox 1270 1648 1351 1734; x_wconf 70' lang='lat' dir='ltr'>clyti·</span> <span class='ocrx_word' id='word_1_118' title='bbox 1435 1699 1436 1704; x_wconf 33' lang='lat'>1</span> 
     </span>
     <span class='ocr_line' id='line_1_16' title="bbox 258 1749 1399 1837; baseline -0.003 -19"><span class='ocrx_word' id='word_1_119' title='bbox 258 1778 320 1837; x_wconf 89' lang='grc' dir='ltr'>πην</span> <span class='ocrx_word' id='word_1_120' title='bbox 340 1754 397 1818; x_wconf 86' lang='grc' dir='ltr'>τοῦ</span> <span class='ocrx_word' id='word_1_121' title='bbox 417 1756 497 1816; x_wconf 76' lang='grc' dir='ltr'><strong><em>θεοῦ</em></strong></span> <span class='ocrx_word' id='word_1_122' title='bbox 519 1754 576 1817; x_wconf 73' lang='grc' dir='ltr'>κατ’</span> <span class='ocrx_word' id='word_1_123' title='bbox 592 1755 647 1836; x_wconf 75' lang='grc' dir='ltr'>τῆς</span> <span class='ocrx_word' id='word_1_124' title='bbox 668 1749 845 1835; x_wconf 85' lang='grc' dir='ltr'><strong><em>μελλούσης</em></strong></span> <span class='ocrx_word' id='word_1_125' title='bbox 866 1752 995 1815; x_wconf 76' lang='grc' dir='ltr'><strong><em>αἰωνίου</em></strong></span> <span class='ocrx_word' id='word_1_126' title='bbox 1019 1752 1110 1835; x_wconf 74' lang='grc' dir='ltr'><strong><em>ζωῆς.</em></strong></span> <span class='ocrx_word' id='word_1_127' title='bbox 1363 1765 1399 1816; x_wconf 77' lang='grc'>15</span> 
     </span>
     <span class='ocr_line' id='line_1_17' title="bbox 343 1846 1436 1936; baseline -0.002 -23"><span class='ocrx_word' id='word_1_128' title='bbox 343 1851 395 1936; x_wconf 84' lang='grc' dir='ltr'><strong><em>ιη’.</em></strong></span> <span class='ocrx_word' id='word_1_129' title='bbox 431 1847 499 1916; x_wconf 85' lang='grc' dir='ltr'>Ὅτι</span> <span class='ocrx_word' id='word_1_130' title='bbox 530 1846 600 1915; x_wconf 86' lang='grc' dir='ltr'><strong><em>ύσοι</em></strong></span> <span class='ocrx_word' id='word_1_131' title='bbox 634 1846 747 1930; x_wconf 78' lang='grc' dir='ltr'><strong><em>ἔλαβον</em></strong></span> <span class='ocrx_word' id='word_1_132' title='bbox 773 1852 888 1935; x_wconf 87' lang='grc' dir='ltr'><strong><em>ταύτην</em></strong></span> <span class='ocrx_word' id='word_1_133' title='bbox 907 1847 964 1933; x_wconf 82' lang='grc' dir='ltr'>τὴν</span> <span class='ocrx_word' id='word_1_134' title='bbox 988 1854 1090 1915; x_wconf 73' lang='grc' dir='ltr'><strong><em>πίστιν</em></strong></span> <span class='ocrx_word' id='word_1_135' title='bbox 1111 1854 1167 1914; x_wconf 80' lang='grc' dir='ltr'><em>καί</em></span> <span class='ocrx_word' id='word_1_136' title='bbox 1187 1850 1353 1915; x_wconf 80' lang='grc' dir='ltr'><strong><em>ύπσλιτεύ.</em></strong></span> <span class='ocrx_word' id='word_1_137' title='bbox 1435 1857 1436 1862; x_wconf 75' lang='grc'>’</span> 
     </span>
     <span class='ocr_line' id='line_1_18' title="bbox 259 1945 1352 2035; baseline -0.003 -20"><span class='ocrx_word' id='word_1_138' title='bbox 259 1974 354 2015; x_wconf 84' lang='grc' dir='ltr'><strong><em>οαντσ</em></strong></span> <span class='ocrx_word' id='word_1_139' title='bbox 376 1952 529 2035; x_wconf 79' lang='grc' dir='ltr'><strong><em>ε’ναρὲτως</em></strong></span> <span class='ocrx_word' id='word_1_140' title='bbox 558 1946 637 2014; x_wconf 85' lang='grc' dir='ltr'><strong><em>κατύ</em></strong></span> <span class='ocrx_word' id='word_1_141' title='bbox 672 1948 728 2012; x_wconf 81' lang='grc' dir='ltr'>τόν</span> <span class='ocrx_word' id='word_1_142' title='bbox 746 1948 850 2033; x_wconf 85' lang='grc' dir='ltr'><strong><em>Ἰησοῦ</em></strong></span> <span class='ocrx_word' id='word_1_143' title='bbox 872 1947 985 2032; x_wconf 85' lang='grc' dir='ltr'><strong><em>νόμον,</em></strong></span> <span class='ocrx_word' id='word_1_144' title='bbox 1014 1946 1127 2031; x_wconf 76' lang='grc' dir='ltr'><strong><em>ἔλαβον</em></strong></span> <span class='ocrx_word' id='word_1_145' title='bbox 1145 1945 1268 2033; x_wconf 76' lang='grc' dir='ltr'><strong><em>μεμύλα</em></strong></span> <span class='ocrx_word' id='word_1_146' title='bbox 1288 1949 1352 2032; x_wconf 77' lang='grc' dir='ltr'>χα-</span> 
     </span>
     <span class='ocr_line' id='line_1_19' title="bbox 259 2045 1436 2136; baseline -0.001 -23"><span class='ocrx_word' id='word_1_147' title='bbox 259 2052 401 2133; x_wconf 81' lang='grc' dir='ltr'><strong><em>ρίσματα</em></strong></span> <span class='ocrx_word' id='word_1_148' title='bbox 431 2052 465 2113; x_wconf 79' lang='grc' dir='ltr'>ἐκ</span> <span class='ocrx_word' id='word_1_149' title='bbox 489 2051 546 2113; x_wconf 88' lang='grc' dir='ltr'>τοῦ</span> <span class='ocrx_word' id='word_1_150' title='bbox 575 2051 663 2129; x_wconf 74' lang='grc' dir='ltr'><strong><em>θεοῦ,</em></strong></span> <span class='ocrx_word' id='word_1_151' title='bbox 682 2045 737 2112; x_wconf 77' lang='grc' dir='ltr'>καὶ</span> <span class='ocrx_word' id='word_1_152' title='bbox 759 2046 910 2131; x_wconf 78' lang='grc' dir='ltr'><strong><em>δυνάμεις</em></strong></span> <span class='ocrx_word' id='word_1_153' title='bbox 938 2046 1090 2132; x_wconf 75' lang='grc' dir='ltr'><strong><em>ἐποίησαν</em></strong></span> <span class='ocrx_word' id='word_1_154' title='bbox 1112 2047 1229 2123; x_wconf 83' lang='grc' dir='ltr'><strong><em>πολλαὶς</em></strong></span> <span class='ocrx_word' id='word_1_155' title='bbox 1250 2049 1284 2113; x_wconf 75' lang='grc' dir='ltr'>ἐν</span> <span class='ocrx_word' id='word_1_156' title='bbox 1307 2050 1352 2136; x_wconf 62' lang='lat' dir='ltr'>tagi</span> <span class='ocrx_word' id='word_1_157' title='bbox 1386 2095 1390 2101; x_wconf 72' lang='lat'><strong>·</strong></span> <span class='ocrx_word' id='word_1_158' title='bbox 1435 2077 1436 2088; x_wconf 38' lang='grc' dir='ltr'><strong><em>ν</em></strong></span> 
     </span>
    </p>
   </div>
   <div class='ocr_carea' id='block_1_3' title="bbox 331 2214 1349 2367">
    <p class='ocr_par' dir='ltr' id='par_1_3' title="bbox 331 2197 1436 2367">
     <span class='ocr_line' id='line_1_20' title="bbox 331 2214 1349 2291; baseline 0 -18"><span class='ocrx_word' id='word_1_159' title='bbox 331 2224 355 2273; x_wconf 89' lang='grc'>1.</span> <span class='ocrx_word' id='word_1_160' title='bbox 379 2223 487 2278; x_wconf 65' lang='lat' dir='ltr'>statut)</span> <span class='ocrx_word' id='word_1_161' title='bbox 558 2221 599 2273; x_wconf 80' lang='lat'>12.</span> <span class='ocrx_word' id='word_1_162' title='bbox 619 2219 703 2277; x_wconf 73' lang='grc' dir='ltr'><strong><em>οῦδὲν</em></strong></span> <span class='ocrx_word' id='word_1_163' title='bbox 725 2219 772 2275; x_wconf 79' lang='lat' dir='ltr'>cio·</span> <span class='ocrx_word' id='word_1_164' title='bbox 794 2219 876 2277; x_wconf 76' lang='grc' dir='ltr'><strong><em>οῦδὲν</em></strong></span> <span class='ocrx_word' id='word_1_165' title='bbox 901 2237 927 2276; x_wconf 75' lang='lat' dir='ltr'>a·</span> <span class='ocrx_word' id='word_1_166' title='bbox 947 2222 965 2274; x_wconf 88' lang='lat' dir='ltr'>P</span> <span class='ocrx_word' id='word_1_167' title='bbox 1065 2218 1107 2273; x_wconf 80' lang='grc'>14.</span> <span class='ocrx_word' id='word_1_168' title='bbox 1129 2214 1194 2283; x_wconf 67' lang='lat' dir='ltr'>dtis</span> <span class='ocrx_word' id='word_1_169' title='bbox 1218 2223 1249 2275; x_wconf 79' lang='lat' dir='ltr'>P:</span> <span class='ocrx_word' id='word_1_170' title='bbox 1266 2223 1349 2291; x_wconf 80' lang='lat' dir='ltr'>vulgo</span> 
     </span>
     <span class='ocr_line' id='line_1_21' title="bbox 331 2286 837 2367; baseline -0.004 -20"><span class='ocrx_word' id='word_1_171' title='bbox 331 2289 431 2362; x_wconf 76' lang='grc' dir='ltr'><strong><em>ἦύδὸς</em></strong></span> <span class='ocrx_word' id='word_1_172' title='bbox 540 2294 581 2349; x_wconf 82' lang='lat'>17.</span> <span class='ocrx_word' id='word_1_173' title='bbox 599 2288 661 2367; x_wconf 78' lang='grc' dir='ltr'>τὸν]</span> <span class='ocrx_word' id='word_1_174' title='bbox 682 2286 731 2347; x_wconf 81' lang='grc' dir='ltr'>τὸν</span> <span class='ocrx_word' id='word_1_175' title='bbox 750 2293 798 2347; x_wconf 86' lang='grc' dir='ltr'>τοῦ</span> <span class='ocrx_word' id='word_1_176' title='bbox 818 2293 837 2345; x_wconf 88' lang='grc' dir='ltr'>Ρ</span> 
     </span>
    </p>
   </div>
   <div class='ocr_carea' id='block_1_4' title="bbox 260 2453 1436 2665">
    <p class='ocr_par' dir='ltr' id='par_1_4' title="bbox 260 2453 1436 2665">
     <span class='ocr_line' id='line_1_22' title="bbox 261 2453 1436 2525; baseline -0.002 -19"><span class='ocrx_word' id='word_1_177' title='bbox 261 2455 436 2507; x_wconf 85' lang='lat' dir='ltr'>haecomnia</span> <span class='ocrx_word' id='word_1_178' title='bbox 463 2470 523 2505; x_wconf 89' lang='lat' dir='ltr'>cnm</span> <span class='ocrx_word' id='word_1_179' title='bbox 543 2454 642 2504; x_wconf 78' lang='lat' dir='ltr'><strong>illustri</strong></span> <span class='ocrx_word' id='word_1_180' title='bbox 670 2453 751 2505; x_wconf 78' lang='lat' dir='ltr'>laude</span> <span class='ocrx_word' id='word_1_181' title='bbox 780 2453 1039 2525; x_wconf 69' lang='lat' dir='ltr'>praedicationisque</span> <span class='ocrx_word' id='word_1_182' title='bbox 1064 2455 1125 2506; x_wconf 85' lang='lat' dir='ltr'>lesu</span> <span class='ocrx_word' id='word_1_183' title='bbox 1153 2470 1245 2507; x_wconf 87' lang='lat' dir='ltr'>omnes</span> <span class='ocrx_word' id='word_1_184' title='bbox 1267 2456 1351 2506; x_wconf 83' lang='lat' dir='ltr'>etiam</span> <span class='ocrx_word' id='word_1_185' title='bbox 1435 2494 1436 2515; x_wconf 59' lang='grc'>,</span> 
     </span>
     <span class='ocr_line' id='line_1_23' title="bbox 260 2524 1351 2595; baseline 0.001 -18"><span class='ocrx_word' id='word_1_186' title='bbox 260 2525 309 2577; x_wconf 87' lang='lat' dir='ltr'>has</span> <span class='ocrx_word' id='word_1_187' title='bbox 330 2525 484 2595; x_wconf 81' lang='lat' dir='ltr'>prophetias</span> <span class='ocrx_word' id='word_1_188' title='bbox 513 2533 541 2574; x_wconf 88' lang='lat' dir='ltr'>et</span> <span class='ocrx_word' id='word_1_189' title='bbox 561 2524 760 2594; x_wconf 79' lang='lat' dir='ltr'>praedictiones</span> <span class='ocrx_word' id='word_1_190' title='bbox 788 2525 871 2575; x_wconf 83' lang='lat' dir='ltr'>fuisse</span> <span class='ocrx_word' id='word_1_191' title='bbox 898 2542 973 2577; x_wconf 77' lang='lat' dir='ltr'>veras</span> <span class='ocrx_word' id='word_1_192' title='bbox 999 2544 1031 2577; x_wconf 83' lang='lat' dir='ltr'>sc</span> <span class='ocrx_word' id='word_1_193' title='bbox 1048 2527 1158 2578; x_wconf 88' lang='lat' dir='ltr'>minime</span> <span class='ocrx_word' id='word_1_194' title='bbox 1184 2525 1351 2578; x_wconf 82' lang='lat' dir='ltr'>adulterinas</span> 
     </span>
     <span class='ocr_line' id='line_1_24' title="bbox 261 2593 1277 2665; baseline -0.013 -17"><span class='ocrx_word' id='word_1_195' title='bbox 261 2596 444 2648; x_wconf 84' lang='lat' dir='ltr'>demonstrare</span> <span class='ocrx_word' id='word_1_196' title='bbox 461 2610 613 2665; x_wconf 87' lang='lat' dir='ltr'>possumus.</span> <span class='ocrx_word' id='word_1_197' title='bbox 1274 2593 1277 2600; x_wconf 78' lang='lat'><strong><em>‘</em></strong></span> 
     </span>
    </p>
   </div>
   <div class='ocr_carea' id='block_1_5' title="bbox 459 2679 996 2750">
    <p class='ocr_par' dir='ltr' id='par_1_5' title="bbox 459 2679 996 2750">
     <span class='ocr_line' id='line_1_25' title="bbox 459 2679 996 2750; baseline -0.006 -17"><span class='ocrx_word' id='word_1_198' title='bbox 459 2682 594 2733; x_wconf 74' lang='lat' dir='ltr'>Hactenus</span> <span class='ocrx_word' id='word_1_199' title='bbox 612 2679 745 2732; x_wconf 88' lang='lat' dir='ltr'>decimum</span> <span class='ocrx_word' id='word_1_200' title='bbox 764 2689 886 2749; x_wconf 81' lang='lat' dir='ltr'>quartum</span> <span class='ocrx_word' id='word_1_201' title='bbox 905 2689 996 2750; x_wconf 86' lang='lat' dir='ltr'>caput.</span> 
     </span>
    </p>
   </div>
   <div class='ocr_carea' id='block_1_6' title="bbox 261 2754 1436 3051">
    <p class='ocr_par' dir='ltr' id='par_1_6' title="bbox 261 2754 1436 3051">
     <span class='ocr_line' id='line_1_26' title="bbox 348 2754 1436 2840; baseline -0.001 -19"><span class='ocrx_word' id='word_1_202' title='bbox 348 2768 562 2840; x_wconf 89' lang='lat' dir='ltr'>Deinde,quod</span> <span class='ocrx_word' id='word_1_203' title='bbox 590 2785 682 2818; x_wconf 87' lang='lat' dir='ltr'>omnes</span> <span class='ocrx_word' id='word_1_204' title='bbox 703 2768 843 2836; x_wconf 77' lang='lat' dir='ltr'>religionis</span> <span class='ocrx_word' id='word_1_205' title='bbox 862 2775 969 2818; x_wconf 88' lang='lat' dir='ltr'>nostras</span> <span class='ocrx_word' id='word_1_206' title='bbox 1002 2767 1065 2818; x_wconf 81' lang='lat' dir='ltr'>libri</span> <span class='ocrx_word' id='word_1_207' title='bbox 1084 2776 1111 2819; x_wconf 88' lang='lat' dir='ltr'>et</span> <span class='ocrx_word' id='word_1_208' title='bbox 1137 2769 1284 2836; x_wconf 71' lang='lat' dir='ltr'>scripturae</span> <span class='ocrx_word' id='word_1_209' title='bbox 1303 2786 1352 2838; x_wconf 86' lang='lat' dir='ltr'>per</span> <span class='ocrx_word' id='word_1_210' title='bbox 1435 2754 1436 2765; x_wconf 19' lang='grc' dir='ltr'><strong><em>λ</em></strong></span> 
     </span>
     <span class='ocr_line' id='line_1_27' title="bbox 262 2839 1351 2907; baseline -0.002 -15"><span class='ocrx_word' id='word_1_211' title='bbox 262 2843 352 2892; x_wconf 85' lang='lat' dir='ltr'>omnia</span> <span class='ocrx_word' id='word_1_212' title='bbox 371 2843 441 2892; x_wconf 82' lang='lat' dir='ltr'>inter</span> <span class='ocrx_word' id='word_1_213' title='bbox 461 2857 489 2890; x_wconf 92' lang='lat' dir='ltr'>se</span> <span class='ocrx_word' id='word_1_214' title='bbox 516 2847 672 2890; x_wconf 79' lang='lat' dir='ltr'>consonant.</span> <span class='ocrx_word' id='word_1_215' title='bbox 718 2855 769 2888; x_wconf 88' lang='lat' dir='ltr'>nec</span> <span class='ocrx_word' id='word_1_216' title='bbox 795 2841 907 2888; x_wconf 81' lang='lat' dir='ltr'>mirum:</span> <span class='ocrx_word' id='word_1_217' title='bbox 933 2839 980 2907; x_wconf 85' lang='lat' dir='ltr'>qui</span> <span class='ocrx_word' id='word_1_218' title='bbox 1008 2841 1078 2890; x_wconf 89' lang='lat' dir='ltr'>enim</span> <span class='ocrx_word' id='word_1_219' title='bbox 1108 2855 1154 2889; x_wconf 88' lang='lat' dir='ltr'>eos</span> <span class='ocrx_word' id='word_1_220' title='bbox 1178 2841 1351 2907; x_wconf 81' lang='lat' dir='ltr'>scripserunt,</span> 
     </span>
     <span class='ocr_line' id='line_1_28' title="bbox 262 2907 1351 2980; baseline 0.002 -19"><span class='ocrx_word' id='word_1_221' title='bbox 262 2928 344 2962; x_wconf 84' lang='grc' dir='ltr'><strong><em>ιιιιιιω</em></strong></span> <span class='ocrx_word' id='word_1_222' title='bbox 367 2920 394 2966; x_wconf 87' lang='lat' dir='ltr'>ct</span> <span class='ocrx_word' id='word_1_223' title='bbox 415 2909 529 2963; x_wconf 87' lang='lat' dir='ltr'>eundem</span> <span class='ocrx_word' id='word_1_224' title='bbox 552 2909 690 2960; x_wconf 81' lang='lat' dir='ltr'>doctorem</span> <span class='ocrx_word' id='word_1_225' title='bbox 718 2907 889 2971; x_wconf 85' lang='lat' dir='ltr'>habuerunt,</span> <span class='ocrx_word' id='word_1_226' title='bbox 916 2909 1000 2977; x_wconf 81' lang='lat' dir='ltr'>ipsam</span> <span class='ocrx_word' id='word_1_227' title='bbox 1021 2911 1130 2975; x_wconf 81' lang='lat' dir='ltr'>gratiam</span> <span class='ocrx_word' id='word_1_228' title='bbox 1150 2909 1204 2960; x_wconf 88' lang='lat' dir='ltr'>dei.</span> <span class='ocrx_word' id='word_1_229' title='bbox 1226 2910 1301 2980; x_wconf 89' lang='lat' dir='ltr'>quod</span> <span class='ocrx_word' id='word_1_230' title='bbox 1322 2913 1351 2963; x_wconf 90' lang='lat' dir='ltr'>ni</span> 
     </span>
     <span class='ocr_line' id='line_1_29' title="bbox 261 2979 1199 3051; baseline -0.004 -17"><span class='ocrx_word' id='word_1_231' title='bbox 261 2984 367 3047; x_wconf 83' lang='lat' dir='ltr'>suisset,</span> <span class='ocrx_word' id='word_1_232' title='bbox 386 2993 458 3034; x_wconf 85' lang='lat' dir='ltr'>certe</span> <span class='ocrx_word' id='word_1_233' title='bbox 478 2982 507 3032; x_wconf 93' lang='lat' dir='ltr'>in</span> <span class='ocrx_word' id='word_1_234' title='bbox 529 2979 688 3051; x_wconf 84' lang='lat' dir='ltr'>quibusdam</span> <span class='ocrx_word' id='word_1_235' title='bbox 709 2990 740 3046; x_wconf 85' lang='lat' dir='ltr'>ut</span> <span class='ocrx_word' id='word_1_236' title='bbox 758 2980 937 3043; x_wconf 76' lang='lat' dir='ltr'>dissonarent,</span> <span class='ocrx_word' id='word_1_237' title='bbox 955 2979 1076 3030; x_wconf 84' lang='lat' dir='ltr'>futurum</span> <span class='ocrx_word' id='word_1_238' title='bbox 1095 2981 1199 3032; x_wconf 87' lang='lat' dir='ltr'>suisset.</span> 
     </span>
    </p>
   </div>
   <div class='ocr_carea' id='block_1_7' title="bbox 457 3066 997 3138">
    <p class='ocr_par' dir='ltr' id='par_1_7' title="bbox 457 3066 997 3138">
     <span class='ocr_line' id='line_1_30' title="bbox 457 3066 997 3138; baseline -0.004 -19"><span class='ocrx_word' id='word_1_239' title='bbox 457 3069 594 3120; x_wconf 73' lang='lat' dir='ltr'>Hactenus</span> <span class='ocrx_word' id='word_1_240' title='bbox 615 3066 746 3119; x_wconf 87' lang='lat' dir='ltr'>decimum</span> <span class='ocrx_word' id='word_1_241' title='bbox 767 3069 890 3138; x_wconf 84' lang='lat' dir='ltr'>quintum</span> <span class='ocrx_word' id='word_1_242' title='bbox 908 3076 997 3136; x_wconf 87' lang='lat' dir='ltr'>capnt.</span> 
     </span>
    </p>
   </div>
   <div class='ocr_carea' id='block_1_8' title="bbox 261 3153 1436 3506">
    <p class='ocr_par' dir='ltr' id='par_1_8' title="bbox 261 3153 1436 3506">
     <span class='ocr_line' id='line_1_31' title="bbox 350 3153 1352 3226; baseline 0 -20"><span class='ocrx_word' id='word_1_243' title='bbox 350 3155 445 3208; x_wconf 78' lang='lat' dir='ltr'>Tertio</span> <span class='ocrx_word' id='word_1_244' title='bbox 464 3156 543 3218; x_wconf 87' lang='lat' dir='ltr'>loco,</span> <span class='ocrx_word' id='word_1_245' title='bbox 570 3156 645 3226; x_wconf 85' lang='lat' dir='ltr'>quod</span> <span class='ocrx_word' id='word_1_246' title='bbox 675 3163 836 3226; x_wconf 86' lang='lat' dir='ltr'>receperunt</span> <span class='ocrx_word' id='word_1_247' title='bbox 861 3155 931 3205; x_wconf 88' lang='lat' dir='ltr'>hanc</span> <span class='ocrx_word' id='word_1_248' title='bbox 952 3153 1048 3216; x_wconf 87' lang='lat' dir='ltr'>fidem,</span> <span class='ocrx_word' id='word_1_249' title='bbox 1066 3154 1130 3204; x_wconf 88' lang='lat' dir='ltr'>licet</span> <span class='ocrx_word' id='word_1_250' title='bbox 1146 3171 1215 3206; x_wconf 85' lang='lat' dir='ltr'>nova</span> <span class='ocrx_word' id='word_1_251' title='bbox 1234 3164 1307 3206; x_wconf 87' lang='lat' dir='ltr'>essct</span> <span class='ocrx_word' id='word_1_252' title='bbox 1324 3163 1352 3206; x_wconf 88' lang='lat' dir='ltr'>et</span> 
     </span>
     <span class='ocr_line' id='line_1_32' title="bbox 261 3223 1436 3301; baseline 0 -26"><span class='ocrx_word' id='word_1_253' title='bbox 261 3235 369 3301; x_wconf 68' lang='lat' dir='ltr'>praeter</span> <span class='ocrx_word' id='word_1_254' title='bbox 386 3241 553 3276; x_wconf 84' lang='lat' dir='ltr'>communem</span> <span class='ocrx_word' id='word_1_255' title='bbox 576 3227 731 3294; x_wconf 84' lang='lat' dir='ltr'>opinionem</span> <span class='ocrx_word' id='word_1_256' title='bbox 751 3243 781 3276; x_wconf 89' lang='lat' dir='ltr'>ac</span> <span class='ocrx_word' id='word_1_257' title='bbox 795 3226 871 3288; x_wconf 79' lang='lat' dir='ltr'>mira,</span> <span class='ocrx_word' id='word_1_258' title='bbox 890 3223 1011 3276; x_wconf 86' lang='lat' dir='ltr'>homines</span> <span class='ocrx_word' id='word_1_259' title='bbox 1024 3225 1124 3294; x_wconf 88' lang='lat' dir='ltr'>ubique</span> <span class='ocrx_word' id='word_1_260' title='bbox 1143 3227 1272 3286; x_wconf 83' lang='lat' dir='ltr'>iocorum,</span> <span class='ocrx_word' id='word_1_261' title='bbox 1292 3243 1352 3275; x_wconf 82' lang='lat' dir='ltr'>mn·</span> <span class='ocrx_word' id='word_1_262' title='bbox 1435 3252 1436 3255; x_wconf 36' lang='lat'>¹</span> 
     </span>
     <span class='ocr_line' id='line_1_33' title="bbox 263 3295 1436 3365; baseline -0.001 -19"><span class='ocrx_word' id='word_1_263' title='bbox 263 3314 315 3364; x_wconf 80' lang='lat' dir='ltr'>gno</span> <span class='ocrx_word' id='word_1_264' title='bbox 334 3295 433 3357; x_wconf 86' lang='lat' dir='ltr'>studio,</span> <span class='ocrx_word' id='word_1_265' title='bbox 451 3296 544 3346; x_wconf 89' lang='lat' dir='ltr'>multis</span> <span class='ocrx_word' id='word_1_266' title='bbox 562 3312 621 3346; x_wconf 89' lang='lat' dir='ltr'>cum</span> <span class='ocrx_word' id='word_1_267' title='bbox 637 3296 774 3364; x_wconf 85' lang='lat' dir='ltr'>periculis.</span> <span class='ocrx_word' id='word_1_268' title='bbox 795 3314 860 3347; x_wconf 67' lang='lat' dir='ltr'>«nec</span> <span class='ocrx_word' id='word_1_269' title='bbox 874 3296 975 3346; x_wconf 86' lang='lat' dir='ltr'>idiotae</span> <span class='ocrx_word' id='word_1_270' title='bbox 989 3296 1072 3346; x_wconf 87' lang='lat' dir='ltr'>solum</span> <span class='ocrx_word' id='word_1_271' title='bbox 1086 3305 1113 3346; x_wconf 91' lang='lat' dir='ltr'>et</span> <span class='ocrx_word' id='word_1_272' title='bbox 1131 3297 1208 3346; x_wconf 87' lang='lat' dir='ltr'>nulla</span> <span class='ocrx_word' id='word_1_273' title='bbox 1228 3296 1352 3365; x_wconf 78' lang='lat' dir='ltr'>doctrina</span> <span class='ocrx_word' id='word_1_274' title='bbox 1435 3338 1436 3345; x_wconf 71' lang='grc'>,</span> 
     </span>
     <span class='ocr_line' id='line_1_34' title="bbox 262 3364 1351 3434; baseline 0.002 -18"><span class='ocrx_word' id='word_1_275' title='bbox 262 3365 371 3427; x_wconf 86' lang='lat' dir='ltr'>eruditi,</span> <span class='ocrx_word' id='word_1_276' title='bbox 390 3364 436 3416; x_wconf 86' lang='lat' dir='ltr'>sed</span> <span class='ocrx_word' id='word_1_277' title='bbox 457 3366 536 3416; x_wconf 87' lang='lat' dir='ltr'>etiam</span> <span class='ocrx_word' id='word_1_278' title='bbox 563 3367 609 3434; x_wconf 87' lang='lat' dir='ltr'>qui</span> <span class='ocrx_word' id='word_1_279' title='bbox 628 3366 776 3434; x_wconf 87' lang='lat' dir='ltr'>prodentes</span> <span class='ocrx_word' id='word_1_280' title='bbox 794 3375 822 3418; x_wconf 88' lang='lat' dir='ltr'>et</span> <span class='ocrx_word' id='word_1_281' title='bbox 839 3368 974 3434; x_wconf 88' lang='lat' dir='ltr'>sapientes</span> <span class='ocrx_word' id='word_1_282' title='bbox 999 3366 1084 3416; x_wconf 92' lang='lat' dir='ltr'>habiti</span> <span class='ocrx_word' id='word_1_283' title='bbox 1104 3367 1189 3418; x_wconf 81' lang='lat' dir='ltr'>suere.</span> <span class='ocrx_word' id='word_1_284' title='bbox 1222 3366 1351 3418; x_wconf 79' lang='lat' dir='ltr'>dissoluti</span> 
     </span>
     <span class='ocr_line' id='line_1_35' title="bbox 262 3434 981 3506; baseline -0.001 -19"><span class='ocrx_word' id='word_1_285' title='bbox 262 3439 315 3488; x_wconf 84' lang='lat' dir='ltr'>iam</span> <span class='ocrx_word' id='word_1_286' title='bbox 337 3435 401 3494; x_wconf 82' lang='lat' dir='ltr'>hinc</span> <span class='ocrx_word' id='word_1_287' title='bbox 419 3453 525 3506; x_wconf 86' lang='lat' dir='ltr'>prorsus</span> <span class='ocrx_word' id='word_1_288' title='bbox 545 3434 601 3486; x_wconf 89' lang='lat' dir='ltr'>doti</span> <span class='ocrx_word' id='word_1_289' title='bbox 622 3443 650 3486; x_wconf 90' lang='lat' dir='ltr'>et</span> <span class='ocrx_word' id='word_1_290' title='bbox 667 3437 792 3506; x_wconf 84' lang='lat' dir='ltr'>deceptio</span> <span class='ocrx_word' id='word_1_291' title='bbox 809 3435 981 3488; x_wconf 86' lang='lat' dir='ltr'>daemonum.</span> 
     </span>
    </p>
   </div>
   <div class='ocr_carea' id='block_1_9' title="bbox 461 3518 981 3593">
    <p class='ocr_par' dir='ltr' id='par_1_9' title="bbox 461 3518 981 3593">
     <span class='ocr_line' id='line_1_36' title="bbox 461 3518 981 3593; baseline -0.002 -19"><span class='ocrx_word' id='word_1_292' title='bbox 461 3523 598 3579; x_wconf 74' lang='lat' dir='ltr'>Hactenus</span> <span class='ocrx_word' id='word_1_293' title='bbox 619 3532 724 3573; x_wconf 81' lang='lat' dir='ltr'>sextum</span> <span class='ocrx_word' id='word_1_294' title='bbox 741 3518 873 3574; x_wconf 78' lang='lat' dir='ltr'>decinium</span> <span class='ocrx_word' id='word_1_295' title='bbox 892 3533 981 3593; x_wconf 86' lang='lat' dir='ltr'>caput.</span> 
     </span>
    </p>
   </div>
   <div class='ocr_carea' id='block_1_10' title="bbox 262 3604 1436 3806">
    <p class='ocr_par' dir='ltr' id='par_1_10' title="bbox 262 3584 1436 3806">
     <span class='ocr_line' id='line_1_37' title="bbox 352 3604 1351 3680; baseline 0.004 -19"><span class='ocrx_word' id='word_1_296' title='bbox 352 3610 474 3680; x_wconf 87' lang='lat' dir='ltr'>Quarto,</span> <span class='ocrx_word' id='word_1_297' title='bbox 492 3610 565 3680; x_wconf 88' lang='lat' dir='ltr'>quod</span> <span class='ocrx_word' id='word_1_298' title='bbox 586 3609 656 3661; x_wconf 89' lang='lat' dir='ltr'>nihil</span> <span class='ocrx_word' id='word_1_299' title='bbox 677 3604 864 3680; x_wconf 84' lang='lat' dir='ltr'>impossibile,</span> <span class='ocrx_word' id='word_1_300' title='bbox 885 3612 956 3664; x_wconf 88' lang='lat' dir='ltr'>nihil</span> <span class='ocrx_word' id='word_1_301' title='bbox 978 3613 1178 3664; x_wconf 84' lang='lat' dir='ltr'>dissentaneum</span> <span class='ocrx_word' id='word_1_302' title='bbox 1198 3613 1265 3664; x_wconf 90' lang='lat' dir='ltr'>haec</span> <span class='ocrx_word' id='word_1_303' title='bbox 1284 3612 1351 3664; x_wconf 88' lang='lat' dir='ltr'>fides</span> 
     </span>
     <span class='ocr_line' id='line_1_38' title="bbox 263 3681 1436 3754; baseline 0.003 -22"><span class='ocrx_word' id='word_1_304' title='bbox 263 3683 398 3746; x_wconf 88' lang='lat' dir='ltr'>continet;</span> <span class='ocrx_word' id='word_1_305' title='bbox 417 3681 485 3733; x_wconf 91' lang='lat' dir='ltr'>nihil</span> <span class='ocrx_word' id='word_1_306' title='bbox 503 3683 658 3750; x_wconf 83' lang='lat' dir='ltr'>corporale,</span> <span class='ocrx_word' id='word_1_307' title='bbox 679 3681 726 3733; x_wconf 86' lang='lat' dir='ltr'>sed</span> <span class='ocrx_word' id='word_1_308' title='bbox 754 3685 844 3734; x_wconf 87' lang='lat' dir='ltr'>omnia</span> <span class='ocrx_word' id='word_1_309' title='bbox 865 3684 1004 3752; x_wconf 79' lang='lat' dir='ltr'>spiritatis.</span> <span class='ocrx_word' id='word_1_310' title='bbox 1041 3693 1069 3735; x_wconf 88' lang='lat' dir='ltr'>et</span> <span class='ocrx_word' id='word_1_311' title='bbox 1085 3684 1126 3735; x_wconf 87' lang='lat' dir='ltr'>via</span> <span class='ocrx_word' id='word_1_312' title='bbox 1145 3692 1186 3735; x_wconf 91' lang='lat' dir='ltr'>est</span> <span class='ocrx_word' id='word_1_313' title='bbox 1203 3701 1274 3754; x_wconf 88' lang='lat' dir='ltr'>quae</span> <span class='ocrx_word' id='word_1_314' title='bbox 1290 3685 1352 3734; x_wconf 85' lang='lat' dir='ltr'>ani·</span> <span class='ocrx_word' id='word_1_315' title='bbox 1435 3686 1436 3703; x_wconf 66' lang='lat'>¹</span> 
     </span>
     <span class='ocr_line' id='line_1_39' title="bbox 262 3746 1280 3806; baseline 0.001 -2"><span class='ocrx_word' id='word_1_316' title='bbox 262 3771 319 3804; x_wconf 83' lang='lat' dir='ltr'>snos</span> <span class='ocrx_word' id='word_1_317' title='bbox 339 3751 478 3803; x_wconf 87' lang='lat' dir='ltr'>hominum</span> <span class='ocrx_word' id='word_1_318' title='bbox 498 3751 534 3802; x_wconf 90' lang='lat' dir='ltr'>ad</span> <span class='ocrx_word' id='word_1_319' title='bbox 554 3753 690 3804; x_wconf 80' lang='lat' dir='ltr'>caritatem</span> <span class='ocrx_word' id='word_1_320' title='bbox 711 3752 755 3803; x_wconf 86' lang='lat' dir='ltr'>dei</span> <span class='ocrx_word' id='word_1_321' title='bbox 774 3762 801 3805; x_wconf 90' lang='lat' dir='ltr'>et</span> <span class='ocrx_word' id='word_1_322' title='bbox 819 3755 925 3804; x_wconf 82' lang='lat' dir='ltr'>futurae</span> <span class='ocrx_word' id='word_1_323' title='bbox 957 3756 1026 3805; x_wconf 85' lang='lat' dir='ltr'>vitae</span> <span class='ocrx_word' id='word_1_324' title='bbox 1046 3763 1174 3805; x_wconf 83' lang='lat' dir='ltr'>aeternae</span> <span class='ocrx_word' id='word_1_325' title='bbox 1194 3746 1280 3806; x_wconf 82' lang='lat' dir='ltr'>ducit.</span> 
     </span>
    </p>
   </div>
   <div class='ocr_carea' id='block_1_11' title="bbox 459 3839 1016 3910">
    <p class='ocr_par' dir='ltr' id='par_1_11' title="bbox 459 3839 1016 3910">
     <span class='ocr_line' id='line_1_40' title="bbox 459 3839 1016 3910; baseline 0 -20"><span class='ocrx_word' id='word_1_326' title='bbox 459 3840 595 3891; x_wconf 82' lang='lat' dir='ltr'>Hactenus</span> <span class='ocrx_word' id='word_1_327' title='bbox 613 3839 745 3891; x_wconf 86' lang='lat' dir='ltr'>decimum</span> <span class='ocrx_word' id='word_1_328' title='bbox 765 3842 908 3910; x_wconf 88' lang='lat' dir='ltr'>septimum</span> <span class='ocrx_word' id='word_1_329' title='bbox 926 3850 1016 3910; x_wconf 84' lang='lat' dir='ltr'>caput.</span> 
     </span>
    </p>
   </div>
   <div class='ocr_carea' id='block_1_12' title="bbox 265 3925 1353 4140">
    <p class='ocr_par' dir='ltr' id='par_1_12' title="bbox 265 3925 1353 4140">
     <span class='ocr_line' id='line_1_41' title="bbox 333 3925 1352 3996; baseline 0.003 -23"><span class='ocrx_word' id='word_1_330' title='bbox 333 3925 446 3995; x_wconf 82' lang='lat' dir='ltr'>Quinto,</span> <span class='ocrx_word' id='word_1_331' title='bbox 466 3934 602 3996; x_wconf 80' lang='lat' dir='ltr'>quotquot</span> <span class='ocrx_word' id='word_1_332' title='bbox 621 3937 796 3996; x_wconf 82' lang='lat' dir='ltr'>susceperunt</span> <span class='ocrx_word' id='word_1_333' title='bbox 812 3928 883 3980; x_wconf 87' lang='lat' dir='ltr'>hanc</span> <span class='ocrx_word' id='word_1_334' title='bbox 904 3928 985 3980; x_wconf 85' lang='lat' dir='ltr'>iidem</span> <span class='ocrx_word' id='word_1_335' title='bbox 1008 3936 1113 3980; x_wconf 88' lang='lat' dir='ltr'>etcum</span> <span class='ocrx_word' id='word_1_336' title='bbox 1135 3927 1235 3978; x_wconf 81' lang='lat' dir='ltr'>virtute</span> <span class='ocrx_word' id='word_1_337' title='bbox 1256 3944 1352 3978; x_wconf 86' lang='lat' dir='ltr'>secun-</span> 
     </span>
     <span class='ocr_line' id='line_1_42' title="bbox 265 3992 1353 4067; baseline 0.002 -23"><span class='ocrx_word' id='word_1_338' title='bbox 265 3992 328 4044; x_wconf 83' lang='lat' dir='ltr'>dum</span> <span class='ocrx_word' id='word_1_339' title='bbox 346 3997 405 4046; x_wconf 89' lang='lat' dir='ltr'>lesu</span> <span class='ocrx_word' id='word_1_340' title='bbox 425 3997 510 4063; x_wconf 77' lang='lat' dir='ltr'>legem</span> <span class='ocrx_word' id='word_1_341' title='bbox 529 4006 556 4048; x_wconf 86' lang='lat' dir='ltr'>et</span> <span class='ocrx_word' id='word_1_342' title='bbox 574 3998 698 4048; x_wconf 88' lang='lat' dir='ltr'>instituta</span> <span class='ocrx_word' id='word_1_343' title='bbox 725 4000 867 4062; x_wconf 81' lang='lat' dir='ltr'>viserunt,</span> <span class='ocrx_word' id='word_1_344' title='bbox 883 3997 911 4067; x_wconf 65' lang='lat' dir='ltr'>isi</span> <span class='ocrx_word' id='word_1_345' title='bbox 939 4000 1041 4066; x_wconf 83' lang='lat' dir='ltr'>magnis</span> <span class='ocrx_word' id='word_1_346' title='bbox 1059 3999 1138 4050; x_wconf 87' lang='lat' dir='ltr'>donis</span> <span class='ocrx_word' id='word_1_347' title='bbox 1156 4014 1171 4047; x_wconf 86' lang='lat' dir='ltr'>n</span> <span class='ocrx_word' id='word_1_348' title='bbox 1192 3998 1244 4049; x_wconf 91' lang='lat' dir='ltr'>deo</span> <span class='ocrx_word' id='word_1_349' title='bbox 1265 3997 1353 4064; x_wconf 81' lang='lat' dir='ltr'>ornati</span> 
     </span>
     <span class='ocr_line' id='line_1_43' title="bbox 265 4065 1353 4140; baseline 0 -22"><span class='ocrx_word' id='word_1_350' title='bbox 265 4065 384 4130; x_wconf 82' lang='lat' dir='ltr'>suerunt,</span> <span class='ocrx_word' id='word_1_351' title='bbox 405 4076 432 4118; x_wconf 88' lang='lat' dir='ltr'>et</span> <span class='ocrx_word' id='word_1_352' title='bbox 450 4068 579 4118; x_wconf 84' lang='lat' dir='ltr'>miracula</span> <span class='ocrx_word' id='word_1_353' title='bbox 597 4069 681 4120; x_wconf 78' lang='lat' dir='ltr'>msdta</span> <span class='ocrx_word' id='word_1_354' title='bbox 697 4077 832 4138; x_wconf 81' lang='lat' dir='ltr'>potentes,</span> <span class='ocrx_word' id='word_1_355' title='bbox 850 4071 959 4122; x_wconf 87' lang='lat' dir='ltr'>nomine</span> <span class='ocrx_word' id='word_1_356' title='bbox 979 4079 1151 4137; x_wconf 80' lang='lat' dir='ltr'>etconcessu</span> <span class='ocrx_word' id='word_1_357' title='bbox 1173 4070 1261 4140; x_wconf 87' lang='lat' dir='ltr'>ipsius</span> <span class='ocrx_word' id='word_1_358' title='bbox 1282 4073 1353 4131; x_wconf 84' lang='lat' dir='ltr'>iesu,</span> 
     </span>
    </p>
   </div>
   <div class='ocr_carea' id='block_1_13' title="bbox 0 0 1456 4775">
    <p class='ocr_par' dir='ltr' id='par_1_13' title="bbox 0 0 1456 4775">
     <span class='ocr_line' id='line_1_44' title="bbox 0 0 1456 4775; baseline 0 0"><span class='ocrx_word' id='word_1_359' title='bbox 0 0 1456 4775; x_wconf 95' lang='lat' dir='ltr'> </span> 
     </span>
    </p>
   </div>
  </div>
 </body>
</html>
