2884 4775
454 152 824 266 ¹rurrurusomcs.
966 228 970 238 ·
1113 205 1183 274 rsa
1260 227 1263 231 ·

88 353 170 433 ρέων
190 346 379 430 παραλόγως
400 355 570 433 ποιοῦντα,
603 362 659 420 κατ’
684 351 783 431 αδθις
812 352 1052 445 συγχωρήσας,
1072 366 1130 425 τοῦ
1152 387 1184 427 τε
1207 404 1209 411 ›

88 446 211 532 δηλαδη
227 447 383 530 Καβοὶλας
395 450 565 534 Νεοφότου
586 453 680 540 (μετὰ
698 460 754 518 τοῦ
771 460 1078 541 ουγκαθαιρεθέντος
1101 461 1187 545 αὕτη]

89 549 180 609 τιαιιιῖ
204 548 371 630 Κλονιίρη,
392 549 529 629 λαβόντα
552 554 684 631 δι’γαμον
712 564 845 633 γυναῖκα
867 558 900 618 ἐν
920 559 955 641 τῇ
976 552 1111 643 Θάρσῳ)
1132 561 1188 622 καί
1206 572 1227 603 Ὓ

88 648 147 708 τοῦ
168 646 359 720 Ἐλασσιδνος
383 650 412 710 Γ
409 647 559 730 ρηγορίου
594 653 648 713 καιΙ
677 657 734 715 τοῦ
757 655 984 735 Περιθεωριόυ
1015 660 1200 723 Δοσιθέου,

62 743 240 816 5ο5σαότως
261 747 296 819 δέ
312 749 367 808 καί
387 750 576 827 παρενοριάς
597 751 743 824 πλείστας
771 751 1011 835 χειροτονήσας,
1041 750 1074 816 έν
1096 779 1127 818 τε
1149 757 1188 841 τῇ

88 845 302 929 έπαρχίητοό
323 845 529 927 Χαλκηδόνος
550 852 605 909 κατ’
626 853 685 910 τοῦ
704 851 894 931 Ἡρακλείας
915 850 970 914 καί
986 854 1044 916 τοῦ
1060 854 1186 917 Θεσσα-

87 940 210 1057 λονίηης
232 966 330 1026 κυρου
318 945 458 1007 Θεανοῖ
482 970 534 1007 και
557 948 613 1009 τοῦ
632 946 822 1031 Μεθόμνης
866 947 947 1013 attat
971 951 1009 1033 δὴ
1034 976 1085 1015 και
1082 951 1184 1016 α’δο-

86 1038 261 1121 κιμόστονς
281 1040 522 1126 χειροτονήσας
535 1044 590 1107 καί
620 1037 718 1119 όλλας
739 1052 885 1122 πλείστας
913 1053 1098 1131 κατηγορίας
1121 1075 1187 1137 φα.

88 1136 200 1218 νερός,
230 1144 286 1201 καί
312 1146 598 1224 μεμαρτυρημένοις
629 1146 674 1207 δέ.
716 1143 851 1218 ἰδόντες
858 1139 915 1208 uris
937 1145 1048 1228 ἡμεῖς,
1069 1150 1121 1211 ἵνα
1138 1148 1194 1232 μη·

43 1229 143 1299 titani
159 1238 254 1302 αδτοί
274 1243 463 1322 καθαιρέσει
484 1243 539 1303 καί
558 1248 601 1326 τῷ
624 1237 709 1305 αότω
730 1245 911 1324 α’ναθέματι
933 1238 1017 1324 οἷμον
1039 1246 1185 1311 ὑπόδικοι

86 1334 130 1409 τός
151 1340 430 1416 σογκοιιωνοῦντες
450 1364 493 1423 τῳ
514 1338 724 1427 α’κοινωνήτιμς
745 1334 805 1425 ἤδη
830 1343 925 1406 αότόν
949 1342 1075 1421 α’νιίξιον
1097 1348 1185 1426 ἐκρί-

85 1457 186 1512 ναμεν
204 1438 260 1516 τῆς
283 1435 519 1519 ἀρχιερωσύνης
541 1438 583 1512 uic
604 1440 793 1521 πρωταίτιον
815 1443 871 1522 τῆς
887 1443 1100 1525 παραβάσεως
1121 1447 1185 1508 τιόν

84 1537 182 1603 θείων
211 1532 266 1596 καί
295 1534 390 1617 ἱερῶν
412 1534 567 1615 κανόνων,
595 1538 649 1599 καί
681 1542 922 1622 καθαιροῦμεν,
953 1543 1007 1604 καί
1027 1538 1184 1606 έκπτωτον

85 1635 142 1694 κατ’
162 1633 455 1716 α’πηλλοιριωμένον
489 1632 603 1716 ἔχομεν
635 1634 732 1699 αὐτόν
763 1635 819 1700 καί
845 1639 899 1720 τῆς
928 1640 1017 1729 α’ξίας
1043 1642 1099 1703 τοῦ
1119 1667 1183 1703 πα-

41 1730 242 1818 15τριόρχου
263 1733 319 1793 καί
339 1735 396 1794 τοῦ
417 1733 582 1812 ὀνόματος,
605 1730 685 1797 dore
706 1733 751 1816 μη
776 1737 935 1799 δύνασθαι
959 1736 1038 1801 κατό
1060 1740 1243 1821 μηδέναλλῖ

81 1830 198 1909 τρόπον
217 1833 274 1893 τοῦ
293 1834 406 1893 λοιποῦ
428 1834 645 1913 ἀναλαβέσθαι
668 1825 686 1915 ἢ
706 1830 759 1898 τόν
773 1833 887 1914 θρόνον
911 1832 967 1898 τόν
986 1860 1182 1919 πατριαρχι-

81 1925 138 1988 κόν
161 1923 180 2009 ἢ
202 1927 235 1991 τό
259 1929 371 1992 τούτου
388 1928 609 2014 λειτούργημα,
633 1927 715 1993 ἀλλὰ
739 1930 793 1994 καί
810 1929 906 2011 μόνον
919 1932 996 1996 nurui
1019 1934 1181 2015 μοναχοός

82 2029 149 2108 ζῆν.
191 2021 268 2089 όθεν
288 2026 344 2090 καί
364 2030 409 2100 εἰς
432 2028 487 2111 την
508 2032 584 2111 περὶ
614 2027 732 2094 τούτων
763 2027 899 2113 δήλωσιν
925 2036 981 2095 κατ’
1001 2031 1182 2115 α’σφιίλειαν

82 2128 204 2206 ἐγένετο
226 2131 281 2190 καί
303 2122 321 2208 ἦ
345 2126 485 2210 ἡμετέρα
516 2127 665 2208 συνοδικη
688 2128 867 2212 αἰτόφασις,
891 2136 1100 2211 προκειμένου
1123 2133 1181 2194 τοῦ

36 2227 175 2288 νοθείαν
197 2222 387 2310 εὐαγγελίου,
413 2230 466 2288 καί
484 2228 668 2310 οἷφορισμοῦ
681 2226 836 2310 πρότερον
857 2229 1102 2313 ἐκφωνηθέντος.
1146 2232 1180 2294 έν

81 2320 146 2388 ἔτει
177 2318 458 2414 ἑτιτακισχιλιοσιηλ
489 2322 710 2415 ἑβδομηκοστῷ
733 2326 853 2414 τρίτην,
874 2330 952 2413 μηνί
971 2329 1178 2418 ’[αννουαρίηι,

82 2425 278 2499 ῑνδικτιιόνος
299 2420 421 2508 όγδόης.

13 2686 19 2698 ,
81 2642 186 2691 tionem
207 2640 328 2704 iaciens,
348 2650 375 2693 et
395 2642 541 2692 eorundem
568 2642 771 2702 restitutiones,
793 2640 921 2693 videlicet
939 2640 1078 2709 Neophyti
1104 2641 1178 2710 apud

81 2710 220 2793 Cabalam,
240 2728 297 2761 cnm
317 2729 370 2781 quo
393 2714 473 2762 etiam
492 2714 657 2763 sacerdotem
668 2713 818 2774 Clanaram,
836 2713 883 2781 qui
903 2713 1042 2762 mulierem
1062 2711 1102 2761 bis
1123 2729 1176 2763 nu-

80 2790 154 2850 ptam
176 2783 202 2831 in
223 2781 314 2848 Thaso
336 2783 457 2842 duxerat,
477 2783 591 2844 deiecit,
611 2792 639 2834 et
653 2783 777 2850 bregoru
798 2782 871 2851 apud
888 2783 1055 2844 Elassonem,
1073 2790 1100 2832 et
1121 2782 1178 2832 Do·

79 2851 162 2902 sithei
182 2852 254 2919 apud
276 2854 491 2913 Peritheorium‚
511 2854 670 2903 antistitum.
718 2851 812 2902 eodem
838 2851 916 2902 modo
938 2853 1082 2903 multarum
1101 2859 1175 2901 entra

79 2922 215 2989 legitimos
235 2924 301 2973 [ines
321 2923 520 2974 ordinationum
541 2925 669 2973 factarum
690 2932 842 2990 compertus
862 2931 916 2982 est,
940 2929 995 2971 tum
1014 2922 1042 2970 in
1062 2919 1175 2970 Chalce-

79 2991 216 3051 dunensis
235 3001 291 3043 tum
309 3011 337 3044 sn
351 2993 543 3052 Heracleensis
562 3002 618 3044 tum
637 2994 665 3043 in
684 2992 935 3042 'ihessaionicensis
954 2992 1100 3051 Theonoe,
1118 2999 1174 3040 tum

76 3063 105 3112 in
126 3063 307 3128 Methymnaei
330 3065 484 3131 praesulum
504 3064 649 3132 provinciis
706 3063 753 3112 sed
777 3070 804 3112 et
822 3065 885 3111 citra
904 3078 1014 3112 eramen
1034 3060 1175 3128 probatio-

77 3149 196 3201 nemque
216 3133 346 3184 factarum
376 3134 587 3185 ordinationum.
634 3149 704 3201 quae
731 3134 914 3182 accusationes
939 3133 1023 3199 ipsius
1052 3131 1173 3198 plurimis

76 3204 138 3253 aiiis
159 3205 314 3254 criminibus
343 3205 495 3255 cumulatae
526 3211 608 3263 sunt,
628 3219 716 3270 usque
735 3203 884 3252 manifestis
907 3211 934 3252 et
956 3203 1068 3252 testatis.
1105 3199 1173 3250 haec

78 3274 173 3341 itaque
192 3291 250 3323 cum
271 3292 320 3325 nos
339 3291 519 3337 cerneremus,
538 3282 689 3324 metuentes
710 3289 745 3322 ne
759 3281 787 3322 et
800 3289 848 3322 nos
868 3272 1013 3322 deiectioni
1037 3279 1064 3322 et
1083 3270 1172 3321 eidem

74 3342 241 3394 anathemati
261 3345 372 3395 obnoxii
395 3346 518 3396 fieremus
537 3353 664 3411 tanquam
692 3344 919 3394 communicantes
941 3359 999 3392 cum
1020 3343 1172 3391 incommu-

73 3414 197 3475 nicabili,
218 3416 269 3465 iam
288 3417 375 3481 ipsum
394 3416 550 3482 pontificatu
571 3413 711 3480 indignum
730 3413 907 3463 iudicavimus
930 3421 960 3463 ut
980 3413 1094 3494 primum
1113 3411 1173 3462 vio-

73 3484 185 3534 lationis
208 3483 359 3535 divinorum
374 3495 401 3536 et
419 3501 552 3535 sacrorum
565 3502 697 3535 canonum
712 3493 864 3545 auctorem,
885 3492 913 3534 et
926 3482 1092 3532 deiicimus'
1085 3498 1171 3550 ipsum

73 3569 107 3604 ac
125 3570 180 3637 pru·
195 3555 282 3606 eiecto
301 3565 329 3606 et
341 3555 496 3606 abalienato
517 3554 650 3605 habemus
670 3563 753 3605 tuma
772 3554 904 3620 dignitate
924 3552 1092 3620 patriarchae
1112 3561 1171 3603 tum

73 3625 239 3686 anomine,
269 3627 308 3676 ita
328 3634 357 3676 ut
377 3627 454 3676 nulio
475 3625 583 3676 modo
575 3642 604 3675 1n
624 3635 760 3693 posterum
783 3641 832 3674 nec
851 3623 883 3673 ad
903 3622 1028 3674 thronum
1052 3625 1169 3690 patriar-

73 3694 180 3744 chicum
199 3695 300 3746 necad
328 3698 385 3746 eius
416 3695 675 3747 administrationem
704 3695 872 3777 postliminio
895 3693 981 3744 redire
1002 3699 1103 3760 possit,
1123 3691 1170 3742 sed
1213 3696 1215 3707 '
1251 3751 1253 3756 ,

72 3765 261 3815 tantummodo
281 3767 454 3817 monasticam
474 3769 555 3817 vitam
568 3766 674 3834 degere.
690 3765 761 3816 unde
775 3773 802 3815 ot
813 3765 921 3815 maioris
934 3763 1029 3814 horum
1049 3763 1169 3814 omnium

72 3836 189 3885 notitiae
207 3853 238 3884 ac
258 3833 427 3887 certitudinis
448 3854 525 3887 causa
546 3837 601 3887 iata
620 3853 730 3907 quoque
750 3845 888 3885 estnostra
908 3834 1034 3902 synodica
1056 3841 1169 3884 senten·

72 3906 119 3966 tia,
140 3891 279 3974 proposito
299 3917 362 3958 ante
381 3908 475 3957 oculos
494 3925 628 3959 sacrorum
650 3908 849 3974 evangeiiorum
864 3906 944 3968 libro,
965 3913 993 3956 et
1012 3921 1168 3956 excommu-

71 3975 209 4026 nicatione
226 3986 304 4027 antea
323 3978 505 4047 pronuntiata.
544 3987 633 4029 actum
652 3994 723 4028 anno
742 3978 840 4044 septies
857 3977 1000 4030 millesimo
1020 3983 1167 4046 septuages

71 4046 138 4096 simo
160 4047 250 4109 tertio,
272 4064 364 4099 mense
382 4049 516 4112 ianuario,
535 4047 684 4100 indictione
703 4056 805 4098 octava.
