2884 4775
510 240 830 316 rauraacnrca.
867 330 872 336 „
1016 232 1018 239 ’
1055 254 1057 259 ’
1131 243 1201 313 aro

105 414 171 473 ρας.
214 389 270 455 καί
294 392 337 467 τός
357 389 475 474 ἔλαβον
500 393 555 479 τὴν
574 398 721 479 όιοριλιν,
738 394 970 477 ε’όιαλογιζοντο
993 399 1055 465 ποῦ
1078 395 1116 459 νά
1141 398 1199 461 εὖ·
1224 474 1228 481 ⁴
1264 408 1273 417 “

103 493 182 575 ρεθῇ
210 493 352 566 τοιοῦτος
384 492 621 577 α’φατρισμόνος.
675 497 731 557 κατ’
748 490 848 568 οὕτως
870 492 1098 579 ε’νθυμηθηοαν
1119 500 1200 573 τινὲς

66 658 71 665 ,
101 593 240 672 γέροντες
260 588 322 653 α’πό
346 594 405 653 τοῦ
426 591 545 673 κλήρου
568 588 619 655 ότι
640 595 684 665 εἷς
706 591 764 665 τός
784 593 904 675 ἡμέρας
927 598 985 655 τοῦ
1007 595 1115 677 πρώην
1137 621 1198 657 πα.

101 688 265 785 τριάρχου,
285 695 386 772 κυροῦ
406 694 437 754 Γ
434 690 578 754 ενναόόου
607 694 666 755 τοῦ
684 694 883 773 Σχολαρίου,
906 684 979 774 ἦτον
1002 696 1062 769 μιά
1085 718 1197 756 παπα-

75 788 154 857 5όόα
173 790 259 870 χῆρα
292 785 392 851 πολλοὶ
416 779 579 873 εόμορφη,
611 792 666 853 κατ’
696 783 781 870 εἶχεν
811 788 963 871 όσπητιον
994 786 1110 867 ἔξωθεν
1139 794 1198 853 τοῦ

100 885 343 967 πατριυρχείου,
369 889 433 968 μοι’
459 888 626 965 ἐκαθέζετο
649 888 704 950 κατ’
724 886 909 969 ἐπορνεύετο
929 892 1086 972 φανερῶς.
1128 888 1198 952 idi

99 980 297 1065 πατριάρχης
316 982 434 1064 μαθιόν
447 988 538 1049 τοῦτο
551 990 755 1069 ἐνουθέτησεν
774 982 871 1068 αότην
891 986 1001 1066 πολλά,
1022 989 1074 1050 ἵνα
1089 980 1196 1071 παόοῃ

100 1074 162 1141 dno*
187 1078 246 1161 τήν
277 1077 513 1179 άμαρτιάν,·νοὶ
543 1079 621 1170 ἔλθη
646 1085 691 1157 εἰς
718 1080 898 1163 μετάνοιαν,
921 1082 960 1148 νά
983 1087 1196 1171 συγχωρηθῇ·

100 1176 155 1241 κατ’
171 1176 253 1263 adep*
273 1183 504 1264 περισσοτέρως
525 1177 653 1264 ε”τρεχευ
674 1186 720 1257 εἰς
741 1180 799 1266 την
825 1180 975 1246 αόωτόαν.
1018 1186 1074 1246 καί
1094 1180 1111 1246 ό
1134 1209 1196 1247 πα.

58 1278 253 1362 ιρτριάρχης
276 1280 329 1342 όὲν
349 1275 448 1342 ἔπαυε
467 1277 507 1343 νά
534 1279 591 1362 την
612 1286 725 1368 ἐλέγχῃ
746 1283 800 1346 καὶ
822 1280 973 1368 eccetan,
993 1278 1071 1345 κατά
1097 1282 1198 1361 μόνας

98 1379 154 1439 καί
178 1379 334 1461 φανερῶς,
353 1374 533 1460 ἔμπροσθεν
561 1380 737 1461 ἀρχιερέων
766 1380 820 1444 καί
853 1384 1015 1463 κληρικιόν.
1058 1374 1139 1461 οότη
1162 1381 1197 1443 δὲ

98 1473 118 1556 ἦ
139 1475 361 1558 ταλαίπωρος,
387 1483 582 1560 οοφιοθεΐαα
611 1478 673 1541 ὑπὸ
701 1482 761 1543 τοῦ
792 1480 965 1561 διαβόλου,
986 1478 1197 1562 όκατηγόρησε

96 1572 151 1637 τόν
172 1576 375 1659 αατριόρχην
398 1569 456 1655 ότι,
478 1571 557 1640 όταν
577 1574 708 1659 ἔκραζεν
724 1576 823 1663 adadu
844 1576 883 1643 νά
904 1580 962 1660 τῆς
984 1575 1197 1665 όμιλησημυ-

96 1670 196 1754 οτικό,
215 1667 353 1758 η’θόληοε
373 1672 412 1737 νά
434 1675 491 1758 τήν
510 1677 733 1763 ε’όυναοτεόσῃ,
756 1680 793 1740 νά
819 1668 984 1764 ἁμαρτάνῃ
998 1680 1066 1757 μετ’
1089 1676 1195 1758 αότῆς.

53 1799 88 1850 15
98 1769 236 1846 οἰκούσας
259 1775 423 1838 ditericus
443 1772 500 1839 τόν
523 1774 660 1859 φοβερόν
677 1775 768 1859 λόγον
790 1764 846 1859 τῆς
871 1774 981 1839 ἀδίκου
1004 1775 1196 1859 κατηγορίας

96 1866 264 1956 ἐξεπλάγη.
296 1873 441 1958 ηἰιοόοθη
470 1876 505 1938 di
524 1879 617 1937 τοῦτο
636 1877 689 1959 τῆς
711 1871 897 1959 κατηγορίας
919 1877 976 1937 τοῦ
995 1873 1194 1956 πατριάρχου

96 1974 142 2045 εἰς
162 1967 239 2055 όλην
265 1969 323 2053 τήν
337 1972 674 2038 Κωνσταντινοόπολιν
701 1974 757 2038 κατ’
781 1976 826 2048 εἰς
848 1968 939 2047 όλους
967 1972 1042 2048 τούς
1063 1980 1195 2056 πλησίον

94 2068 288 2152 τόπους,καί
308 2064 398 2135 ἄλλοι
411 2077 470 2152 μὲν
485 2071 520 2135 τό
537 2072 729 2136 ἐπίστευσαν
742 2075 798 2135 καί
819 2066 907 2136 dator
921 2074 974 2136 ttv
992 2070 1026 2135 τό
1048 2070 1195 2145 ἐπίστευ-

93 2194 164 2235 σαν.
187 2169 205 2233 ό
226 2172 262 2235 δὲ
285 2169 487 2256 πατριάρχης
507 2175 560 2236 aa
581 2166 666 2253 εἶχεν
687 2166 764 2238 dato
787 2174 822 2235 τί
841 2173 878 2235 νά
901 2170 1001 2258 κάμῃ·
1023 2168 1118 2250 μόνον
1138 2174 1195 2253 μιᾷ

54 2284 86 2339 λθ
96 2271 263 2357 δεσποτικῇ
292 2266 386 2357 ἑορτῇ
408 2272 637 2354 ε’προσκάλεσεν
668 2271 827 2356 ἀρχιερεῖς
859 2274 911 2333 καὶ
943 2266 1111 2352 κληρικοός
1142 2268 1197 2331 κατ’
1208 2279 1258 2331 134

95 2368 327 2455 ἒλειτοόργηυε,
348 2374 403 2434 καί
425 2369 506 2451 μετὰ
536 2370 593 2453 την
614 2372 815 2452 λειτουργίαν
849 2366 1026 2454 ἕξεφυόνηοε
1056 2368 1112 2432 κατ’
1129 2360 1195 2432 εἶπε

96 2460 148 2530 ότι
171 2469 218 2542 εἰς
239 2467 316 2544 τούς
335 2468 448 2552 λόγους
468 2468 549 2532 όποῦ
566 2462 653 2532 εἶπεν
674 2469 854 2555 η’παπαόία
877 2475 942 2532 κατ’
956 2469 1067 2547 αὐτοῦ,
1091 2469 1120 2530 εἰ
1138 2469 1196 2546 μὲν
1220 2545 1222 2551 y

96 2753 165 2803 tium
196 2750 231 2817 ad
261 2747 461 2818 dispiciendum
493 2765 588 2815 urege
607 2749 754 2817 petierunt.
804 2765 858 2818 quo
880 2755 990 2817 accepto
1009 2746 1129 2796 animum
1148 2761 1219 2812 per,

96 2824 190 2874 omnia
207 2828 344 2874 versantes
375 2818 485 2870 dotali
506 2820 635 2868 cadavere
654 2819 782 2884 cogitant.
820 2817 929 2867 taudem
959 2815 1134 2866 recordantur
1152 2830 1196 2864 so-

94 2895 189 2944 uiores
209 2891 317 2960 quidam
337 2889 371 2939 de
389 2890 461 2939 clero
480 2889 562 2939 fuisse
581 2880 706 2956 tempore'
721 2888 867 2955 superioris
899 2883 1064 2953 patriarchae
1085 2885 1196 2934 Genna-

53 2975 58 2984 “
95 2962 136 3012 dii
159 2961 292 3012 Scholarii
316 2957 423 3008 viduam
451 2957 587 3027 quandam
612 2975 628 3008 a
652 2956 792 3007 sacerdote
824 2957 960 3015 relictam,
990 2952 1195 3022 pulchritudine

94 3033 289 3100 conspersam,
307 3038 381 3098 quae¹
402 3029 511 3079 domum
530 3035 604 3078 extra
626 3027 822 3094 patriarcheum
844 3024 953 3084 >habeus
972 3017 1112 3092 quaestum
1134 3038 1194 3088 cor-

93 3118 163 3168 pore
181 3099 256 3150 haud
274 3098 386 3149 obscure
406 3099 514 3164 vulgato
530 3097 634 3148 fecerit.
659 3095 836 3164 patriarcham
857 3111 883 3143 re
904 3095 1009 3158 cognita
1032 3092 1194 3158 increpuisse

93 3173 181 3239 ipsam
201 3169 406 3235 diligeutIssime
426 3166 571 3228 mouendo,
593 3166 673 3215 finem
696 3166 798 3214 taceret
816 3163 955 3232 peccandi,
977 3179 1030 3230 quo
1051 3161 1194 3228 paeniten-

94 3244 133 3291 tia
153 3248 211 3290 acta
232 3241 336 3289 veniam
356 3244 573 3305 consequeretur.
611 3235 657 3284 sed
679 3234 707 3284 id
725 3235 823 3284 frustra
843 3234 933 3292 scrisse,
952 3233 1066 3280 muliere
1085 3230 1195 3279 laxiori-

92 3310 146 3360 bus
167 3309 283 3359 habenis
304 3325 332 3358 se
352 3307 385 3356 ad
406 3306 535 3357 libidines
556 3304 697 3355 incitante.
744 3302 920 3370 patriarcham
941 3303 1046 3357 iuterim
1065 3315 1119 3349 non
1135 3315 1196 3347 ces-

95 3396 171 3430 sasse
191 3395 208 3428 a
228 3376 414 3443 redarguendo
435 3385 463 3428 et
481 3373 657 3440 obiurgando,
676 3389 727 3423 uec
749 3372 777 3422 id
797 3374 907 3422 seorsim
933 3371 1030 3430 solum,
1050 3368 1196 3418 sedetiam

97 3451 206 3517 aperte,
227 3464 315 3497 coram
335 3446 491 3513 proceribus
510 3445 590 3496 sacris
608 3451 637 3494 et
657 3443 770 3493 clericis.
807 3441 902 3501 stilla
915 3442 1009 3490 misera
1028 3439 1132 3489 diaboli
1154 3439 1197 3488 in-

91 3521 203 3570 stinctu
222 3515 402 3585 patriarcham
431 3523 550 3566 accusat:
579 3530 650 3574 eum,
672 3511 780 3580 quaudo
802 3514 886 3581 ipsam
906 3511 940 3558 ad
959 3513 1088 3560 s'ecretsm
1108 3508 1196 3558 collo-

95 3590 237 3640 cutionem
256 3587 416 3647 accersierit,
434 3593 560 3636 conatum
583 3600 641 3634 esse
656 3583 691 3632 ad
709 3582 842 3632 nefarium
862 3581 966 3629 facinus
987 3581 1012 3628 vi
1031 3577 1195 3646 pertrahere.

10 3711 11 3715 ,
94 3659 157 3726 ipse
181 3656 281 3707 atrocis
302 3656 421 3706 criminis
443 3656 553 3721 indigua
572 3655 741 3704 accusatione
770 3651 861 3701 audita
883 3658 956 3701 totus
977 3648 1126 3715 obstupuit.
1164 3663 1195 3696 ea

95 3726 255 3779 criminatio
279 3743 326 3792 per
344 3733 428 3775 totam
447 3726 544 3792 Cpolin
564 3723 718 3792 percrebuit
731 3729 758 3773 et
776 3723 805 3770 iu
826 3721 924 3771 vicinia
945 3727 1010 3779 tota,
1032 3715 1196 3786 quibusdam

94 3814 187 3849 veram
215 3794 409 3856 credentibus,
440 3794 500 3844 aliis
529 3793 610 3844 fidem
629 3791 829 3857 derogantibus.
867 3785 1017 3856 patriarcha
1037 3787 1102 3855 quid
1123 3788 1195 3835 face-

94 3867 163 3917 ret?
201 3865 277 3914 aliud
300 3864 369 3915 nihil
388 3862 499 3915 remedii
521 3871 579 3914 erat
598 3864 651 3912 nisi
672 3862 741 3911 hoc..
769 3858 884 3928 quodam
905 3858 1040 3908 dominico
1063 3857 1131 3906 sesto
1151 3871 1196 3903 ac-

96 3935 205 3987 cersitis
224 3935 402 4002 pontificibus
422 3942 450 3984 et
468 3934 540 3984 clero
570 3933 706 3998 liturgiam
734 3931 817 3989 facit,
844 3943 928 3994 eaque
951 3928 1026 3977 finita
1053 3926 1197 3974 clarissima

95 4021 165 4055 voce
187 4005 265 4064 dicit,
281 4005 303 4054 si
322 4004 370 4052 illa
389 4003 479 4065 verba,
498 4018 567 4070 quae
588 4001 735 4052 sacerdotis
754 3999 833 4047 vidua
854 3999 881 4046 in
902 3998 989 4064 ipsum
1009 3997 1116 4054 dixerit,
1135 4007 1197 4043 vera
1225 3993 1227 4002 ’

96 4077 165 4138 siut,
188 4091 216 4125 se
239 4075 265 4124 ei
287 4073 390 4140 ignosci
408 4091 423 4122 a
443 4072 494 4126 deo
514 4080 542 4123 et
554 4072 713 4123 felicitatem
733 4068 790 4119 dari
810 4069 921 4136 eiusque
944 4073 1065 4118 mortuae
1086 4063 1196 4116 dissolvi
