2884 4775
265 269 340 344 tta
480 241 539 278 ⁹
710 269 907 342 armorui

262 425 344 510 τότη
364 429 406 510 μλ
420 425 455 493 τό
472 426 641 513 χρυσόφη,
662 429 718 492 καί
735 424 804 509 ἔχει
825 428 883 511 τὴν
905 425 1153 514 ἅποκαθῆλωσιν
1172 431 1230 495 τοῦ
1251 431 1366 514 κυρίου

263 530 354 614 ἧμτῦν
374 529 476 612 Ἰησοῦ
496 530 644 610 Χριστοῦ
663 527 717 592 καί
744 527 800 592 τόν
820 533 908 593 θεῖον
939 525 1159 615 ἐνταφιασμόν
1177 531 1236 596 τοῦ
1258 555 1368 594 πανα-

262 627 333 712 γίου
354 627 502 709 σῦματος
522 628 621 691 ου’τοῦ
643 631 698 693 ταί
719 630 892 709 ἐκρέμασεν
908 630 977 694 ἐκεῖ
995 629 1138 714 uestita
1161 629 1290 714 όργνρῆ
1312 630 1370 695 καί

176 767 185 774 -
263 731 366 817 φωτί·
408 727 463 792 καί
485 726 605 814 λάμπει
626 723 732 814 τόσπερ
755 728 771 792 ό
797 731 930 812 ἀστέρας
951 733 1008 809 τῆς
1031 732 1140 813 αῦγῆς.

341 822 458 911 'hope
480 833 515 894 δὲ
539 831 594 916 ναί
615 827 688 911 ispa*
718 827 876 910 πολύτιμα
899 834 953 894 καί
973 830 1114 915 λαμπροί,
1137 829 1393 916 πολυστυόρταῖι

261 926 430 1014 φαολόνια,
451 930 620 1014 στιχόρια,
650 927 777 1012 ὦρόρνα
800 931 855 994 καί
880 929 977 1012 σκεύη
1008 929 1134 1014 οἶργυρῦ
1157 926 1279 1014 cipeto·
1323 930 1364 995 rai

261 1024 357 1094 rianio
380 1023 456 1093 όταν
476 1026 515 1092 τό
539 1031 696 1094 ἐνδυθοῦν
719 1031 749 1095 οἱ
766 1028 860 1116 ἱερεῖς
876 1032 932 1096 καί
955 1027 983 1094 οἱ
999 1029 1149 1112 διάκονοι,
1173 1033 1228 1096 καί
1248 1024 1367 1115 εῦγουν

262 1125 322 1209 ἔξω
342 1134 399 1194 τοῦ
418 1129 558 1214 βήματος
577 1134 633 1195 καί
647 1129 763 1198 ἕλθουν
781 1130 921 1217 γόροθεν,
942 1135 998 1195 τοῦ
1020 1132 1220 1217 ὑψηλοτάτου
1243 1132 1365 1218 θρόνου

262 1232 317 1296 κατ’
335 1233 462 1294 κλίνουν
481 1231 539 1308 τὰς
564 1232 706 1318 κεφαλός
741 1235 866 1310 asiatici,
898 1235 1036 1316 λέγοντες
1058 1231 1114 1317 τήν
1133 1231 1240 1318 εὐχήν,
1260 1255 1367 1318 παρο-

260 1331 416 1412 μονόζουν
438 1328 512 1406 τοός
527 1334 636 1406 θείους
659 1333 817 1417 οἶγγέλους,
840 1330 920 1396 όποῦ
940 1335 1081 1398 στένεται
1102 1330 1285 1416 ἔμπροσθεν
1308 1336 1367 1398 τοῦ
1378 1347 1409 1402 10

263 1432 406 1515 φοβεροῦ
438 1435 528 1494 θείου
549 1430 667 1513 θρόνου
693 1432 944 1516 τοῦοῦρανίου,
973 1435 1113 1512 κλτμόνοι
1142 1428 1199 1508 τός
1219 1431 1367 1518 κεφαλὰς

262 1530 318 1593 καί
337 1532 476 1613 λέγοντες
495 1529 530 1595 τό
559 1526 669 1616 “ό’γνος
693 1521 716 1596 ’ό
739 1531 835 1616 θεός,
860 1527 947 1616 ἅγιος
970 1531 1123 1615 ἰσχυρός”
1147 1531 1203 1596 καί
1222 1530 1261 1598 τό
1278 1517 1366 1618 ἑξῆς.

263 1622 349 1710 ὅμως
371 1629 388 1694 ό
411 1626 511 1708 πόθος
531 1635 586 1696 κατ’
606 1632 626 1717 ἡ
649 1637 732 1712 ζὲσνς
752 1637 809 1698 τοῦ
836 1635 943 1697 κοινοῦ
964 1631 1119 1698 δεσπότου
1140 1630 1210 1698 ἔται
1231 1636 1279 1710 εἰς
1305 1636 1368 1698 as'-

261 1726 315 1794 τόν
334 1727 388 1794 τόν
410 1736 498 1796 θεῖον
520 1729 595 1796 ναόν
615 1737 670 1817 τῆς
683 1738 960 1817 παμμακαρίστον,
975 1732 1082 1808 καθώς
1102 1725 1175 1816 η’τον
1195 1735 1255 1798 τοῦ
1271 1735 1366 1798 θείου
1398 1793 1402 1798 .

262 1831 463 1912 Σολομῶντος
495 1833 539 1908 εἰς
566 1829 622 1917 τόν
642 1833 737 1916 όγίαν
761 1833 845 1899 Σιτόν
873 1838 928 1898 κατ’
947 1837 1003 1899 τοῦ
1025 1832 1161 1916 μεγάλου
1181 1835 1366 1902 Ἰουστιννα-
1377 1847 1405 1900 15

175 1961 182 1967 ’
261 1935 319 1995 νοῦ
340 1934 398 1996 τοῦ
416 1937 573 2014 βασιλέως
596 1937 640 2009 εἰς
662 1933 721 2018 τὴν
744 1935 836 2018 ἁγίαν
858 1937 991 2022 Σοφίαν.
1045 1933 1100 1998 καί
1120 1930 1227 2010 καθώς
1251 1932 1366 2018 ε’λόλη.

262 2055 316 2098 ces
338 2030 355 2096 o‘
379 2032 456 2109 θεός
490 2032 543 2098 circi
566 2038 624 2099 τοῦ
647 2037 780 2119 ἀγγέλου
802 2036 903 2102 αὐτοῦ
924 2040 983 2101 τοῦ
991 2041 1157 2118 ,βασιλέως
1176 2037 1365 2101 Ἰουατινια-

261 2134 316 2198 νοῦ
337 2137 403 2209 πῶς
427 2134 464 2199 voi
483 2135 540 2218 τήν
561 2136 661 2224 ἐκόμγγ
685 2141 740 2200 κατ’
760 2142 827 2211 ποῦς
848 2137 885 2202 νῦ
902 2137 956 2221 τὴν
982 2141 1145 2227 ε’στολίσῃ,
1168 2131 1268 2226 eirene
1290 2131 1365 2202 ε’λό·

262 2238 337 2318 λησε
359 2237 413 2300 κατ’
433 2232 561 2320 λαλεῖἦ
590 2237 854 2318 παμμακόριστος
876 2239 963 2324 ,πρός
991 2236 1049 2323 τήν
1081 2237 1226 2320 ἔμψυχον
1253 2236 1362 2300 εἰκόνα

99 2328 103 2336 ’
203 2369 207 2375 »
260 2339 320 2401 τοῦ
340 2340 528 2420 μονογενοῦς
559 2336 632 2406 υἱοῦ
663 2338 774 2424 αὐτῆς,
798 2335 816 2423 ἦ
844 2337 938 2405 όποϊα
960 2337 1029 2405 ἔναυ
1048 2338 1144 2415 αότός
1167 2335 1183 2403 ὅ
1204 2336 1403 2421 aorosia-20

261 2461 330 2521 χης,
352 2436 373 2500 ό
392 2439 542 2523 ἀληθινός
563 2439 734 2524 α’ρχιερεός
756 2446 814 2506 τοῦ
835 2444 1001 2527 Χριστοῦ,
1024 2440 1040 2505 ό
1065 2436 1099 2504 ἐκ
1119 2444 1199 2505 θεοῦ
1221 2437 1280 2524 τὴν
1301 2439 1365 2521 gri·

255 2560 313 2641 pta
347 2536 453 2620 ἔχων,
491 2540 707 2625 όπληρωθείς
737 2541 753 2605 ό
780 2542 964 2619 δεσποτικός
993 2540 1087 2643 λόγος
1112 2542 1157 2616 εἰς
1188 2537 1286 2605 ου’τόν
1311 2538 1363 2601 riui

260 2637 390 2707 Ησαίου
423 2642 480 2705 τοῦ
509 2639 675 2729 προφήτου
706 2645 782 2711 “e'rzi
813 2644 881 2710 τίνα
913 2648 1077 2729 ε’πτβλὲψω
1105 2644 1136 2709 εἰ
1160 2641 1204 2727 peip
1233 2639 1365 2709 inieris

256 2915 383 2969 caratam,
404 2908 547 2975 imaginem
560 2914 686 2968 sanctam,
705 2914 733 2958 et
746 2906 947 2976 depositionem
968 2904 1131 2957 sanctissimi
1144 2900 1276 2955 dominici
1297 2920 1362 2955 cor-

256 2982 328 3049 poris
347 2980 444 3031 Christi
466 2979 500 3030 de
519 2996 597 3029 cruce
617 2978 730 3048 eiusque
747 2979 914 3048 sepulturam
945 2975 1062 3029 divinam
1084 2976 1184 3039 hobet3
1206 2990 1237 3026 ac
1254 2975 1362 3044 pendet

255 3051 293 3102 ibi
315 3051 508 3103 candelabrum
528 3059 685 3119 argenteum
707 3068 819 3102 accenso
846 3050 959 3112 iumine,
978 3048 1052 3119 qnod
1072 3049 1100 3100 in
1119 3046 1228 3099 luciferi
1248 3046 1361 3099 modum

260 3123 396 3178 alendet.

273 3142 292 3194 p
355 3193 430 3246 Fecit
466 3202 605 3263 praeterea
635 3213 723 3247 sacros
753 3194 787 3245 ad
827 3211 889 3245 usus
919 3193 1051 3263 pretiosas
1075 3197 1102 3242 et
1125 3190 1285 3257 conspicuas
1318 3206 1361 3241 res

255 3266 322 3317 aiios
334 3267 477 3319 muitarum
507 3268 624 3319 crucium
643 3269 744 3337 pallia,
765 3265 893 3318 stichario
911 3264 1037 3326 horaria,
1059 3261 1264 3331 suppellectilia
1289 3260 1359 3313 item

254 3346 390 3403 argentea,
411 3336 508 3387 decore
528 3337 660 3405 insiguia5
681 3339 780 3409 quibus
801 3338 881 3389 rebus
902 3336 1035 3389 vestitiet
1052 3334 1141 3385 ornati
1154 3330 1310 3383 sacerdotes
1330 3342 1359 3385 et

254 3407 370 3469 diaconi,
384 3407 493 3477 quando
507 3416 581 3471 eitra
598 3412 740 3460 sacrarium
754 3409 891 3479 prodeunt
906 3408 1090 3475 thronumque
1110 3405 1188 3456 iilum
1208 3403 1357 3455 sublimem

254 3480 423 3531 circumeunt
446 3487 474 3530 et
494 3480 583 3547 capita
610 3496 656 3531 sua
675 3480 709 3530 ad
727 3498 836 3549 precum
857 3480 1042 3538 recitationem
1060 3477 1204 3538 inclinant,
1224 3476 1356 3527 similitu·

254 3549 345 3601 dinem
364 3550 517 3603 divinorum
536 3551 693 3617 angelorum
718 3553 840 3602 referunt
864 3554 912 3622 qui
932 3559 994 3603 ante
1014 3550 1159 3601 caelestem
1180 3564 1211 3599 ao
1232 3556 1355 3599 tramen-

255 3621 319 3672 dum
337 3621 381 3673 dei
408 3623 533 3674 thronum
563 3623 696 3691 capitibus
726 3624 862 3673 inclinatis
893 3625 1060 3683 consistunt,
1079 3627 1207 3671 canentes
1226 3627 1355 3671 “sanotua

254 3692 331 3756 deus,
351 3702 458 3745 sanctus
478 3702 506 3745 et
526 3694 646 3745 vatidus’
675 3703 702 3746 et
727 3693 769 3745 his
788 3693 924 3746 adiuncta.
963 3703 1027 3746 tuuc
1057 3694 1163 3745 animus
1189 3690 1354 3743 sanctissimi

253 3767 340 3816 nostri
358 3764 463 3816 domini
483 3783 516 3817 eo
546 3765 680 3817 desiderio
707 3774 736 3817 et
763 3769 859 3817 affectu
886 3768 914 3816 in
943 3766 969 3817 S.
995 3765 1098 3833 templo
1132 3763 1353 3815 Pammaoaristae

255 3853 381 3889 accensus
403 3845 444 3887 eat
462 3852 518 3905 quo
545 3836 629 3889 divini
657 3837 811 3889 Solomonis
831 3837 967 3907 quondam
1000 3838 1028 3887 in
1061 3836 1087 3886 S.
1111 3834 1192 3886 Sione
1217 3842 1245 3885 et
1263 3834 1353 3901 magni

253 3909 423 3978 imperatoria
442 3909 586 3961 iustiniani
602 3910 631 3961 iu
652 3910 714 3960 fano
737 3911 762 3960 S.
777 3907 894 3979 Sophiae
914 3918 942 3959 et
952 3906 1180 3979 quemadmodum
1198 3905 1267 3956 dana
1288 3922 1354 3957 voce

253 3981 343 4048 angeli
373 3980 414 4030 eui
436 3980 541 4031 locutus
569 3982 622 4032 fuit
646 3982 804 4050 imperatori
830 3982 999 4042 iustiniano,
1028 3996 1146 4050 quonam
1167 3976 1197 4027 id
1220 3978 1354 4046 templum

252 4050 334 4103 mode
354 4058 524 4102 construeret
542 4061 570 4103 at
591 4051 689 4121 quibus
704 4054 868 4104 ornamentis
887 4051 1037 4112 decoraret,
1061 4068 1093 4102 eo
1109 4048 1191 4101 modo
1211 4056 1239 4099 ct
1262 4050 1354 4100 locuta
1439 4050 1440 4088 λ

252 4133 292 4176 eat
314 4131 342 4177 et
359 4123 481 4193 loquitur
498 4122 652 4175 beatissima
669 4132 755 4175 mater
776 4125 850 4175 vivae
882 4124 995 4191 imagini
1017 4122 1089 4174 unici
1110 4122 1161 4173 filii
1180 4120 1232 4182 sui,
1255 4136 1353 4190 nempe

251 4194 305 4271 ipsi
323 4193 504 4270 patriarcham
530 4196 578 4266 qui
595 4204 636 4251 est
665 4212 744 4252 rerer
763 4194 863 4250 Christi
882 4195 1025 4268 pontifex,
1051 4210 1131 4269 quem
1153 4190 1248 4267 dirius
1268 4195 1353 4263 gratia
