2884 4775
252 219 329 301 ert
624 225 679 294 ne
713 225 845 295 umus
879 197 991 292 armi

255 395 310 476 τῆς
331 392 479 473 Βλαχιάς
499 389 769 473 προκατύρξαντα.
822 385 982 471 τεθνηκώς
1016 382 1077 468 γιίρ
1108 381 1126 446 6
1150 383 1376 466 Πρόλοομπος

257 496 372 567 ἐκεῖνος
390 496 537 557 κατέλιπε
552 490 667 574 ταύτην
689 487 725 584 ἰη
744 491 783 577 τῇ
803 491 864 553 τῶν
882 485 1064 568 Τρεκκύλιιν
1084 485 1173 567 πόλει
1193 479 1276 563 μετα
1303 483 1374 544 τῶν

256 591 353 658 υἰὲων
371 587 441 667 ἑνός
456 595 514 656 τοῦ
534 588 666 672 ὕστερον
687 587 940 673 τυραννήσαντος
961 586 1019 670 την
1041 586 1283 669 πολυθρύλητον
1306 584 1375 646 ταῖν

173 686 178 693 ’
250 693 437 761 Ἰωαννίνων
468 690 582 771 πόλιν,
615 695 671 754 καί
695 687 732 756 τό
766 688 870 770 λάβδα
904 682 1024 774 ταύτης
1049 684 1230 772 οἰφελόντος,
1252 684 1311 746 καί
1334 684 1376 746 νύ
1404 721 1409 725 -

257 793 328 858 α’ντί
357 795 413 857 τού
440 791 544 876 rapta
574 795 766 876 προσθέντος
801 793 905 878 αύτῇ·
956 788 991 854 τό
1031 787 1092 872 γόρ
1123 784 1400 868 πολυθρύλητονό

256 887 339 958 εἰναι
369 890 485 977 ταύτην
509 897 564 958 καί
581 897 733 975 λέγεσθαι
760 890 803 976 μη
836 889 1026 972 ἀνεχόμενος
1052 887 1293 971 πολυθρήνητον
1313 908 1374 947 πε.

256 997 415 1079 ποίηκεν.·
437 992 518 1058 α’λλύ
549 996 653 1058 ταύτα
681 997 742 1073 μὲν
765 992 875 1077 πρόσω
904 990 1143 1074 διηγησόμεθα·
1192 980 1268 1070 όρτι
1291 989 1329 1050 δὲ
1354 982 1371 1048 6

165 1135 168 1138 ·
256 1095 348 1178 λόγος
379 1092 435 1158 τόν
463 1091 576 1176 εἰρμόν
612 1096 713 1176 ἰχέτω
744 1096 798 1176 τῆς
829 1091 1013 1175 διηγήσεως.
1068 1087 1167 1172 όγόρ
1187 1089 1373 1168 μακαρίτης

257 1196 372 1270 ἰκεϊνος
395 1195 545 1277 δεσπότης
574 1193 761 1278 Νικηφόρος
790 1191 976 1272 όΔούκας,
1009 1187 1045 1254 όν
1069 1190 1085 1252 ό
1119 1186 1210 1272 λόγος
1233 1187 1372 1272 φθάσας

258 1288 385 1360 ἄνωθεν
404 1292 573 1377 ε’δηλωσεν,
594 1296 628 1358 ἐκ
648 1296 704 1378 τῆς
720 1293 1084 1366 Κωνσταντινιυπόλεως
1106 1286 1211 1355 §tutto
1231 1290 1288 1349 καί
1307 1281 1413 1365 16610
1432 1287 1433 1346 i

259 1395 427 1477 εἰρημένην
442 1391 716 1477 Πρελοόμπισσαν
738 1397 796 1477 τῆς
818 1392 962 1479 α’νδρῴας
985 1391 1088 1475 ἀρχῆς
1109 1389 1261 1472 ἐκβαλιόν,
1283 1384 1369 1469 πρός

259 1488 317 1574 την
344 1495 407 1556 τοόν
433 1495 563 1574 Σίρβων
593 1491 746 1574 ἐκπέμπει
777 1498 836 1576 γῆν
864 1493 925 1556 σύν
956 1496 1000 1578 τῷ
1029 1490 1128 1572 αύτῆς
1160 1485 1220 1576 υἱηῑ
1243 1487 1369 1570 Θωμᾷ·

261 1595 386 1656 κιίκεῖσε
416 1597 458 1680 τῷ
480 1594 535 1656 τού
562 1598 721 1722 66066664
748 1594 914 1678 Στεφάνου
947 1590 1008 1680 υἱῷ
1031 1592 1157 1677 Ου’ρόση
1189 1590 1369 1669 ἐντυχοῦσα

259 1691 474 1775 μνηστεύεται
503 1695 579 1776 παρ’
610 1695 709 1757 αύτού
729 1695 771 1780 τῷ
806 1695 959 1780 εἰρημένῳ
989 1695 1157 1778 Χλαπένφ.
1208 1681 1301 1762 οότος
1333 1689 1370 1780 δὲ
1432 1743 1433 1786 1

260 1794 339 1875 μετὰ
361 1788 511 1878 χρόνονῆ
526 1820 579 1858 και
575 1799 703 1859 πλεῖον
725 1792 806 1858 κατὰ
827 1787 1264 1886 16436666462029612621,
1287 1801 1412 1854 nor-15

261 1894 454 1976 επαγόμενος
491 1902 559 1976 μετ’
592 1896 703 1960 αύτού
726 1894 779 1960 καί
805 1897 840 1958 τό
883 1888 1029 1960 κάκιστον
1056 1896 1115 1955 τού
1148 1887 1369 1975 Πρελούμπου

261 2000 410 2080 γε’ννημα,
433 1997 478 2070 εἰς
501 2001 682 2070 νεανίσκους
703 1989 764 2080 ἤδη
786 1997 912 2059 retorto·
935 1995 989 2060 ἰπί
1009 2021 1045 2083 τη
1033 1991 1199 2080 Βλαχίρ
1218 1994 1253 2054 66
1272 1991 1369 2076 Ιφθό-

261 2121 320 2171 σας
337 2096 421 2178 μετό
442 2099 506 2163 τῶν
524 2095 784 2181 στρατευμάτων,
803 2096 858 2161 καί
875 2093 1031 2182 φρούριον
1053 2094 1087 2159 ἓν
1100 2094 1264 2179 πολιορκίη
1282 2095 1369 2174 εἰλη-

262 2195 343 2283 φιός,
363 2199 514 2280 Δόμασιν
534 2201 752 2280 καλούμενον,
779 2201 824 2274 εἰς
855 2199 1060 2280 ξυμβιβύσεις
1081 2196 1159 2275 μετὰ
1193 2197 1253 2258 τού
1274 2199 1368 2276 βασι-

263 2301 343 2373 λέως
365 2303 508 2381 χωρούσι
531 2301 681 2379 Σομεοόν,
709 2303 763 2364 ιιαιΙ
785 2298 819 2364 τό
848 2299 1004 2386 φρούριον
1035 2301 1128 2363 τούτο
1148 2299 1366 2378 παρσχωρού-
1351 2301 1407 2355 -20

262 2424 322 2468 σιν
366 2399 382 2465 6
405 2403 441 2466 66
458 2400 609 2483 βασιλεύς
629 2400 686 2483 την
708 2403 793 2468 ἰδίαν
815 2406 977 2518 θυγατέρα
998 2402 1042 2475 εἰς
1060 2400 1162 2483 γόμον
1188 2401 1304 2463 δίδωσι
1326 2400 1369 2485 r6

257 2498 386 2589 Θωμᾷ·
439 2503 494 2565 καί
522 2499 676 2585 κηδεστὴν
705 2500 804 2567 αύτόν
834 2498 1046 2586 ποιησόμενος
1067 2498 1152 2575 ε’ντὸς
1172 2502 1227 2582 τῆς
1247 2460 1369 2573 πόλεως

262 2603 326 2665 τιόν
349 2602 531 2683 Τρικκόλων
553 2596 772 2685 εἰσέρχεταιι
755 2624 770 2663 ο
791 2603 925 2683 Θωμᾶς·
969 2626 985 2664 ο
976 2597 1043 2666 ιδὲ
1063 2597 1216 2683 βασιλεύς
1235 2597 1369 2680 Συμεοόν

263 2701 409 2783 οἰομένας
431 2703 544 2766 τούτον
572 2698 765 2785 ύποδέχεται
784 2702 840 2766 καί
867 2702 923 2787 την
944 2705 1106 2788 θυγατέρα
1128 2703 1290 2783 ἐκδίδωσι,
1312 2701 1369 2763 τού

264 2993 395 3045 minatum
415 3008 473 3044 esre
495 2991 645 3043 docuimus.
681 3000 805 3043 mortuno
830 2992 903 3043 enim
923 2991 1078 3060 Preiumpue
1097 2991 1147 3041 iiie
1167 2990 1281 3060 reliquit
1298 2989 1367 3042 haue
1432 3002 1433 3063 ρ

263 3066 292 3117 in
313 3065 380 3116 urbe
390 3064 514 3117 Triocala
529 3081 590 3115 eum
607 3063 727 3115 fitiorum
748 3080 812 3127 uno,
828 3064 875 3133 qui
895 3064 924 3113 in
945 3062 1079 3113 celebrem
1101 3062 1365 3113 urbemloauniuarn

264 3145 360 3207 postea
384 3135 539 3185 dominatus
558 3136 676 3186 litteram
697 3134 804 3185 iambdu
836 3136 859 3185 ei
880 3134 997 3185 detraxit
1023 3134 1104 3202 eique
1126 3134 1245 3185 litteram
1263 3151 1298 3199 ny
1318 3152 1365 3202 pro

265 3208 373 3259 lambda
392 3205 512 3255 addidit.
528 3207 629 3257 etenim
659 3206 793 3257 celebrem
812 3204 1052 3275 (πολυθρύλητον)
1084 3222 1142 3255 ease
1170 3206 1240 3255 hanc
1268 3213 1295 3256 et
1313 3222 1365 3255 nu-

265 3279 363 3329 miuari
383 3294 440 3327 non
459 3292 560 3345 passus,
579 3271 720 3343 lugubrem
742 3278 982 3360 (60662996661026
1006 3292 1063 3327 eam
1084 3275 1211 3327 reddidit
1233 3276 1280 3328 sed
1300 3274 1365 3325 haec
1432 3264 1433 3281 ¹

266 3349 376 3417 quidem
395 3356 490 3415 postea
508 3347 690 3413 narrabim1u3
709 3366 782 3399 nuuc
801 3357 889 3399 autem
910 3349 997 3399 oratio
1017 3348 1138 3397 ordinem
1158 3356 1185 3399 et
1204 3350 1299 3399 seriem
1322 3364 1364 3396 re

266 3420 353 3471 tinaat
370 3418 541 3469 narrationis.
586 3417 682 3469 beatur
706 3421 777 3469 enim
800 3420 847 3469 iile
872 3418 997 3470 domiuus
1026 3418 1194 3487 Nicephorue
1218 3421 1312 3481 Ducat,
1331 3416 1363 3469 de

268 3508 324 3559 qno
342 3492 498 3540 narratione
517 3489 657 3558 superiore
676 3490 778 3539 dietum
799 3498 848 3553 est,
869 3506 883 3541 ο
900 3488 1136 3557 Constantinopoli
1152 3489 1289 3559 profectus
1306 3507 1362 3540 cum

268 3562 401 3629 Prelumpi
422 3578 532 3611 uxorem
552 3560 585 3610 de
605 3577 658 3629 qua
680 3560 804 3621 diximus,
825 3578 839 3610 e
856 3579 904 3613 vrri
925 3562 1154 3627 reguoeiecisset,
1174 3560 1206 3610 ad
1222 3562 1360 3613 Serborum
1432 3550 1433 3569 ³

267 3641 364 3683 terrum
386 3649 444 3684 cum
464 3632 571 3684 Thoma
592 3634 650 3683 eiua
669 3632 725 3683 [iiio
746 3649 803 3683 eam
822 3633 911 3695 misit,
930 3630 1024 3701 ibique
1046 3634 1154 3683 Ureseni
1175 3632 1303 3701 Stephani
1324 3650 1362 3684 re·

266 3706 306 3770 gir
322 3704 408 3754 fliium
428 3712 522 3755 noetus
548 3706 578 3755 iu
597 3705 795 3755 matrimonium
825 3722 871 3772 per
900 3720 961 3755 eum
987 3704 1126 3772 Chiopeno
1146 3702 1234 3766 datur,
1255 3703 1287 3755 de
1310 3722 1361 3773 quo

268 3775 394 3826 diximus.
431 3775 476 3825 hic
495 3783 585 3828 autem
605 3784 782 3844 poetanuum
810 3784 856 3826 aut
876 3776 937 3844 pius
961 3776 1087 3826 adversus
1107 3774 1263 3825 Vninchiam
1283 3776 1361 3842 profi·

267 3847 394 3907 circitor,
414 3864 502 3896 aecum
534 3847 669 3898 adducens
696 3848 776 3898 etiam
826 3847 948 3897 essimum
971 3846 1105 3915 Prelumpi
1126 3845 1229 3910 fitium,
1249 3848 1360 3915 quiiam

267 3918 459 3969 numerabatur
485 3919 581 3968 mter
574 3935 702 3985 iuvenes
724 3866 851 3969 vitudu
871 3926 959 3969 nutem
987 3926 1118 3988 occupata
1148 3918 1318 3980 exercitibus,
1337 3926 1361 3967 et
1432 3958 1433 3965 ,

268 3988 380 4040 cartello
401 4006 455 4039 uuo
475 3992 679 4057 oppugnatione
696 3957 786 4061 ’captu
807 3991 858 4041 cui
874 4006 972 4041 nomeu
1000 3998 1057 4040 erat
1076 3990 1205 4050 Damasia,
1226 4006 1284 4041 cum
1304 4005 1361 4055 rege

268 4060 436 4127 Symeoue
429 4078 457 4112 ru
477 4061 589 4145 gratiam
609 4061 740 4125 redeunt,
769 4070 796 4115 et
822 4061 962 4114 castellum
990 4060 1041 4115 hoc
1061 4062 1086 4113 ei
1115 4060 1275 4113 concedunt
1318 4076 1361 4111 rex

268 4139 359 4185 autem
378 4131 460 4211 filiam
480 4145 554 4184 ouum
574 4133 603 4185 iu
621 4100 824 4187 matrimdnium
843 4132 889 4188 dat
907 4131 1043 4205 Thomar5
1061 4124 1110 4205 qui
1128 4144 1190 4187 num
1207 4148 1269 4187 eum
1285 4144 1358 4185 ιστο-
