2884 4775
568 196 775 279 'nonrncs
1147 206 1195 277 aa

110 349 191 438 ἦσαν
204 353 405 440 α’γρέμματοι
423 362 478 421 καί
492 361 629 440 α’μαθεϊς
649 360 758 442 πολλά,
780 354 861 426 dicre
878 360 1043 436 κόπτοντες
1062 362 1119 423 aar*
1138 384 1200 441 χα-

109 454 203 540 poium
219 458 378 532 ποιοῦντες
391 457 445 523 διὰ
461 456 561 537 ’ξύλων
581 462 748 544 η’ρέδμουν,
769 458 811 537 aie
825 459 884 541 ἔτι,
904 461 946 537 οἷς
962 463 1095 541 λέγεται,
1121 456 1198 543 φαέ-

108 581 210 621 νοιται
227 561 336 632 ἐντοῖς
349 565 513 637 ταμιειόις,
527 555 604 623 ὅπου
619 558 648 625 οἱ
662 560 824 643 θησαυροὶ
835 557 949 625 calcada.
969 561 1145 642 λέγουσιδὲ
1159 555 1198 623 τὰ

108 656 185 735 ξύλα
206 659 330 735 ταῦτα,
357 652 436 740 ὅπερ
461 658 619 740 η’ρέδμουν
645 663 700 724 καί
721 658 793 725 rint*
811 661 1019 744 ἀριθμητικῆς
1038 653 1125 740 εἶχον
1145 657 1201 722 καὶ

83 759 336 840 ὀλογαριασμοῦ,
356 755 399 833 ιδς
418 757 474 822 καί
494 762 551 823 νῦν
565 756 611 823 ἔτι
633 758 662 824 οὶ
678 758 842 839 οἶρτοιιοιοὶ
862 758 968 823 odaria
983 760 1123 840 χρῶνται
1144 761 1200 823 κατ’

108 849 199 919 ἄλλοι
219 856 424 940 Ἀγαρηνῶν,
458 858 596 943 dandam
618 851 684 939 ἦτοι
705 856 981 942 ’λογαριαοτηριοα
1023 855 1139 938 padda
1160 860 1197 923 δέ
1229 921 1232 927 .

107 950 157 1017 δτι
180 953 233 1019 διὰ
268 953 302 1019 τδ
328 954 373 1039 μη
395 951 476 1021 εἶναι
513 960 730 1043 νιατριάρχην,
763 956 877 1038 ὥρισεν
898 955 981 1033 dume
1001 960 1197 1022 συνέλθωσιν

106 1051 136 1116 οἱ
157 1056 356 1135 Χριστιανοέ,
380 1054 434 1119 κατ’
453 1053 648 1135 ἐκλεξάμενοι
670 1054 706 1120 δν
726 1052 906 1137 δνδέλιοσι,
928 1053 1066 1139 κυρώσει
1087 1055 1196 1129 αὐτοῖς

105 1156 216 1219 τοῦτον
244 1152 299 1215 καὶ
321 1150 456 1234 δριομὸν
474 1157 569 1218 δώσει
593 1149 846 1238 πατριαρχεδειν.
898 1160 1025 1240 έιιοιήστ
1047 1158 1082 1221 δέ
1103 1154 1195 1219 τοῦτο

66 1264 97 1317 10
107 1256 271 1335 ἐντέχνως,
291 1253 331 1315 ἵν’
354 1252 532 1317 α’κοδσιοσιν
553 1253 582 1318 οἱ
597 1252 783 1338 ἁπανταχοῦ
795 1257 930 1338 Γραικοὶ
948 1255 1003 1321 καί
1023 1250 1197 1335 ουναθροέ·

107 1354 224 1429 ζωνται
249 1354 282 1415 ἐν
304 1357 343 1438 τῇ
362 1348 470 1415 πόλει·
515 1357 556 1418 δι’
576 1358 714 1439 ἐφέσεως
729 1353 795 1440 ’γὰρ
815 1350 903 1438 εἶχεν
918 1356 971 1419 ἵνα
988 1348 1195 1435 πολυάνδρια·
1206 1363 1238 1417 15

104 1472 161 1524 νιος
181 1453 305 1533 γένηται
329 1455 384 1515 καί
403 1457 629 1537 κατοικουμένη
651 1458 749 1523 neco.

185 1548 379 1629 Ἕξελέξαντο
397 1543 454 1616 οδν
477 1551 531 1615 τδν
551 1555 727 1639 φιλόσοφον
746 1552 856 1635 κύριον
874 1553 905 1616 Γ
901 1548 1033 1633 εοδργισν
1051 1549 1196 1632 τδνΣχο.

104 1648 234 1733 λα’ριον,
264 1648 372 1733 κριτην
399 1642 470 1713 ὄντα
490 1654 545 1734 τῆς
564 1656 727 1735 βασιλικῆς
748 1658 898 1735 κρίσεως,
913 1645 1015 1732 ἄνδρα
1034 1646 1124 1733 ἅγιον
1141 1647 1197 1715 καί
1224 1698 1229 1705 .

67 1762 95 1814 15
104 1742 228 1835 εὐλαβῇ
238 1773 246 1791 ·
299 1750 354 1813 καί
388 1742 577 1828 ἀξιώσαντες
598 1750 713 1833 αὐτόν,
739 1754 783 1827 cic
802 1749 895 1831 ἔθος,
919 1754 1113 1832 κατέστησαν
1131 1772 1197 1813 aa·

103 1847 274 1932 τριδρχην,
294 1847 503 1930 ὀνομάσαντες
530 1845 629 1915 αδτδν
659 1852 843 1917 Γεννάδιον·
895 1852 951 1913 καί
970 1848 1196 1933 διιετιιίχδησαν

104 1948 192 2034 αὐτῷ
213 1953 313 2012 adnue
338 1946 371 2011 ai
394 1951 552 2033 ἐκκλησίαι
585 1950 943 2024 Κωνσταντινουιιδλειος
961 1949 1016 2011 καί
1035 1946 1069 2011 αὶ
1088 1947 1198 2011 λοιπαὶ

103 2048 167 2109 τῶν
188 2050 368 2129 εἰιαρχιοῖν,
396 2045 438 2122 ὡς
458 2048 513 2113 καί
534 2058 597 2125 τοῖς
622 2057 742 2125 λοιμοῖς
761 2048 822 2132 ιιρδ
846 2048 949 2113 adami
970 2044 1194 2129 σατριδρχαις.

102 2144 140 2210 δν
163 2144 202 2227 δὴ
225 2148 280 2211 καί
301 2146 592 2228 μετακαλεσάμενος
612 2146 627 2212 ὃ
649 2148 931 2224 σουλιιῖνοςένδον
948 2150 1011 2212 τῶν
1028 2146 1197 2228 βασιλειαν

65 2246 224 2324 δθαιῖτοῦ,
257 2248 355 2321 ἰδέαις
375 2248 470 2331 χερσὶ
504 2251 638 2313 δέδοικεν
660 2252 748 2335 aurp
768 2251 942 2313 δεκανύιιον
963 2250 1080 2312 uallari
1101 2238 1197 2323 ιῖξιον,

105 2338 176 2429 ἤτοι
198 2344 315 2432 ῥάβδον
348 2350 492 2434 α’ργυριῖν
521 2353 837 2434 νιερικεχρυοωμένην
864 2347 1003 2433 ιδραίον,
1022 2343 1079 2410 καὶ
1099 2344 1195 2410 ἲνιιιον

176 2503 204 2558 6.
223 2503 348 2576 ῥαούσια
367 2506 388 2558 C

104 2650 211 2702 indocti
234 2653 403 2723 plerumque.
422 2653 513 2723 itaque
534 2654 599 2704 haec
617 2654 736 2724 ipsorum
757 2663 815 2706 eret
833 2654 900 2705 ratio
919 2650 1077 2705 numerandi
1096 2659 1125 2702 ut
1143 2651 1192 2702 ba-

105 2723 169 2774 cilla
186 2733 314 2792 pararent
332 2726 360 2775 in
380 2725 466 2794 iisque
483 2725 614 2776 incisuras
636 2725 767 2788 lacerent3
789 2723 1012 2795 quemadmodum
1024 2724 1051 2774 in
1074 2723 1193 2786 aerariis,

105 2793 152 2843 ubi
175 2793 297 2845 thesauri
325 2796 442 2866 ipsorum
466 2804 645 2856 asservantur,
668 2797 814 2847 etiamnum
834 2797 951 2864 conspici
971 2795 1055 2845 aiunt.
1093 2794 1191 2863 appel.

105 2865 165 2915 lant
183 2873 274 2916 autem
294 2883 325 2917 ea
355 2864 446 2932 ligna,
474 2866 503 2917 in
526 2866 624 2938 qulbus
643 2884 769 2918 numeros
798 2875 826 2918 et
842 2869 958 2917 rationes
977 2883 1038 2916 suas
1059 2863 1193 2916 notabunt

105 2935 232 3004 (quorum
261 2953 324 2988 usus
355 2937 436 2987 etiam
456 2954 528 2989 nunc
548 2938 620 3006 apud
650 2939 764 3006 pistores
784 2947 811 2989 et
830 2937 898 2988 alios
917 2936 1026 3004 opifices
1043 2934 1192 2987 'l'urcarum

104 3009 165 3073 est),
190 3006 295 3058 rhaueia
314 3006 341 3056 lr.
361 3024 384 3057 e.
404 3009 496 3059 taleas.
534 3010 642 3075 cognito
662 3017 751 3060 autem
769 3024 873 3058 causam
887 3008 1044 3057 omissorum
1064 3013 1191 3069 coetuum

103 3093 171 3138 esse,
199 3077 274 3145 quod
293 3081 383 3130 nullus
402 3079 551 3148 patriarcha
571 3087 648 3139 esset,
666 3081 744 3130 iuseit
762 3086 907 3129 conventus
922 3092 998 3144 agere
1015 3076 1192 3138 Christianos,

104 3157 132 3198 et
149 3149 327 3217 patriarcham
345 3150 406 3211 sibi,
427 3167 613 3220 quemcunque
634 3151 751 3212 vellent,
770 3147 898 3216 deligere.
936 3163 965 3198 se
978 3146 1058 3197 hrains
1075 3147 1191 3197 creatio·

103 3235 166 3268 nem
189 3220 418 3282 confirmaturum,
439 3230 466 3272 et
485 3230 515 3273 ut
532 3219 699 3290 patriarchae
718 3236 829 3270 munera
849 3218 947 3280 obiret,
966 3219 1124 3269 edicturum.
1160 3213 1190 3267 id

104 3288 137 3338 ab
157 3305 191 3339 eo
211 3291 310 3340 callide
330 3291 445 3354 factum,
472 3301 502 3342 ut
520 3290 570 3342 hac
596 3293 666 3342 lama
694 3291 727 3341 ad
749 3292 880 3350 Graecos,
900 3292 946 3411 qui
964 3289 1052 3340 ubivis
1070 3289 1190 3338 locorum

103 3367 204 3420 essent,
223 3362 325 3427 perlata
344 3363 372 3414 in
394 3363 486 3413 urbem
504 3369 736 3430 congregarentur.
782 3363 885 3430 quippe
922 3377 955 3411 oc
973 3361 998 3410 ei
1016 3358 1106 3411 studio
1123 3366 1191 3419 eret,

104 3437 135 3480 ut
155 3431 332 3502 multitudine
357 3431 497 3486 hominum
526 3450 558 3485 eo
578 3432 731 3485 confluente
758 3450 806 3503 per
831 3449 923 3484 omnes
941 3448 1002 3484 suae
1019 3439 1109 3501 partes
1128 3429 1196 3480 urbe

105 3501 235 3574 frequens
253 3504 380 3574 cultaque
401 3505 482 3555 fieret.

172 3588 229 3640 llac
247 3599 380 3659 potestate
399 3593 481 3661 igitur
499 3599 608 3661 accepta
638 3588 828 3660 philosophum
849 3588 1025 3655 delegerunt,
1045 3587 1192 3653 Georgium

104 3657 288 3725 scholarium,
314 3679 472 3714 assessorem
492 3664 556 3730 regii
575 3662 687 3725 iudicii,
705 3662 790 3713 virum
810 3668 930 3711 sanctum
954 3667 982 3710 et
999 3659 1074 3727 pium
1120 3657 1192 3709 hunc

103 3737 197 3782 vetere
219 3733 270 3782 ritu
292 3733 472 3802 producentes
492 3732 655 3801 patriarchae
670 3733 774 3784 muneri
804 3731 991 3793 sraelecerunt,
1012 3736 1113 3781 mutato
1133 3729 1191 3779 eiua

103 3801 193 3868 priore
214 3804 324 3854 nomine
350 3806 378 3856 in
396 3804 530 3855 Geunndrl
560 3821 668 3855 nomen.
707 3804 732 3854 ei
761 3751 904 3853 suhiectae
920 3809 985 3852 tunc
1004 3800 1112 3851 suerunt
1134 3807 1191 3852 tum

104 3887 199 3924 omnes
218 3873 494 3945 Constantinopoleos
516 3875 645 3926 ecclesiae
655 3913 664 3938 ‚
685 3883 742 3924 tum
769 3881 874 3923 ceterae
897 3887 967 3939 quae
986 3871 1015 3922 in
1034 3871 1191 3940 provinciis,

104 3941 208 4007 eadem,
232 3962 311 4014 quarn
331 3956 512 3998 antecessores
530 3946 614 4014 ipsius
643 3946 777 3996 antistites
796 3942 955 4003 habuerant,
973 3949 1107 4012 potestate
1127 3958 1190 4009 per-

103 4015 190 4065 missa.
228 4033 309 4085 quem
329 4033 388 4068 cum
419 4019 447 4068 in
467 4018 564 4084 regiam
583 4016 617 4066 ad
640 4035 667 4066 se
685 4019 805 4066 soltanus
824 4022 965 4074 vocasset,
985 4013 1039 4063 suis
1057 4014 1083 4064 ei
1101 4013 1190 4062 manl-

103 4083 153 4136 bna
170 4089 307 4156 pastorale
327 4088 425 4160 pedum
443 4089 532 4156 magni
558 4088 639 4160 pretii
657 4086 749 4149 dedit,
774 4085 899 4138 baculum
919 4101 1016 4155 nempe
1034 4091 1190 4153 argenteum
