2884 4775
470 171 785 330 antaradensem
1101 232 1170 302 109

84 378 146 444 οἷπὸ
167 376 240 451 τούς
265 371 425 457 Τούρκους
459 380 515 439 κατ’
533 375 588 439 τύν
608 373 747 460 ἔκοψαν,
769 376 845 443 ὅταν
864 378 917 445 τδν
936 357 1056 467 ἐπῆραν
1077 384 1173 449 σκλά-

83 486 139 560 βον
160 479 223 543 stra
241 477 287 548 εἷς
306 474 363 556 τήν
384 476 730 541 Κωνσταντινούπολιν.
784 479 946 564 ἐουνήχθη
970 485 1016 545 δὲ’
1028 484 1103 563 περί
1120 488 1174 564 τῆς

83 576 228 660 τοιαύτης
245 571 433 656 κατηγορίας
447 570 580 647 σύνοδος
593 573 714 661 μεγάλη
729 579 915 660 α’ρχιερὲων,
938 588 1174 665 μητροπολιτων

83 671 340 759 άρχιεπισκύπων
373 672 428 735 καί
463 668 649 768 ε’πιοκύποον.
700 679 755 739 καί
777 680 963 753 καθίσαντες
980 680 1014 742 ὲν
1035 682 1079 768 τῷ
1099 679 1176 769 ἱερῷ

57 780 248 859 ὀκριτηρίιγ,
282 768 363 851 μετά
396 770 451 833 καί
471 770 531 832 τιύν
544 772 756 851 ’τιμιωτάτων
785 781 940 858 κληρικολν
962 782 1017 860 της
1039 778 1175 863 μεγάλης
1225 848 1227 861 Ι

82 876 246 956 ε’κκλησιλις
281 874 485 952 συνηγμένων
514 872 570 934 καί
601 874 665 934 τούν
685 870 912 953 εὐγενεστάτων
943 874 1101 961 ἀρχόντων
1120 878 1176 942 καί

82 971 196 1046 παντὸς
217 973 275 1035 τὀύ
305 967 448 1050 πλήθους
478 972 533 1032 τοῦ
555 972 659 1033 κοινοῦ
682 976 787 1035 λαοῦ·
843 974 898 1037 καί
918 974 959 1051 ὥς
981 974 1174 1061 ἑκάθισενῆ

82 1069 153 1156 ἱερά
175 1071 327 1147 σύνοδος,
354 1061 457 1151 ἦλθαν
490 1064 670 1152 ἔμπροσθεν
700 1068 732 1135 οἱ
755 1070 875 1154 ε”λεγχοι
898 1075 997 1138 αύτού
1029 1081 1087 1138 τοῦ
1113 1104 1175 1141 πα-

82 1172 248 1255 τριάρχου,
270 1166 300 1233 οἱ
322 1162 424 1230 ύποῖοι
444 1161 526 1253 ἦσαν
552 1172 632 1243 τινὲς
655 1168 690 1233 ἐκ
720 1173 784 1233 τῶν
804 1175 863 1235 τού
885 1170 1010 1257 κλήρου,
1034 1180 1087 1240 καί
1105 1174 1175 1241 ἐλε-

42 1285 142 1354 ιθγαν
172 1275 227 1333 καί
253 1267 368 1350 ε’βύουν
396 1259 447 1330 δτι
480 1266 535 1331 ναί
567 1269 694 1352 άληθῶς
728 1274 986 1355 περιτετμημένος
1017 1272 1173 1339 domidati

82 1370 157 1445 τούς
179 1369 347 1453 Τούρκους.
400 1364 417 1428 ὁ
450 1368 486 1430 δὲ
508 1365 708 1453 πατριάρχης
739 1364 836 1448 ὄμνυε
855 1370 937 1450 μετά
960 1377 1100 1456 φρικτοῖν
1120 1371 1176 1459 δ’ρ-
1238 1386 1242 1393 ’

82 1495 146 1534 κων
170 1463 217 1533 ὅτι
248 1465 287 1535 τά
309 1462 370 1531 ὅσοι
400 1470 511 1549 λέγουν
546 1467 600 1531 tta
630 1463 713 1533 εἶναι
734 1467 895 1552 άληθινά·
951 1471 1046 1552 μόνον
1067 1472 1176 1539 ἀδικία

84 1570 140 1631 καί
158 1570 354 1652 συκοφαντία
375 1563 453 1630 ἔναι.
511 1563 576 1648 οἷμὴ
603 1567 698 1631 αύτοί
729 1571 783 1631 div
805 1564 952 1651 ἔστεργον
971 1569 1043 1643 τούς
1065 1565 1176 1653 ὅρκους
1227 1559 1229 1567 ’

83 1660 202 1731 αύτού·
244 1664 342 1746 μόνον
359 1669 589 1749 περισσοτέρως
610 1665 720 1748 ε’βύουν
743 1664 794 1729 ύτι
815 1674 1075 1753 περιτετμημένος
1094 1669 1174 1735 ἔναι.

44 1765 241 1852 15άκούοντα
265 1767 300 1829 δὲ
330 1764 349 1847 ἦ
371 1764 502 1839 σύνοδος
527 1762 628 1827 τοιύτα
653 1762 838 1846 ἐθαύμαζε,
857 1770 910 1831 καί
927 1771 1006 1843 τινὲς
1028 1774 1086 1850 μὲν
1106 1774 1177 1835 ε’πί-

82 1887 200 1929 στευαν
218 1864 311 1927 τούτο
334 1862 389 1927 καί
397 1866 489 1937 τινὲς
524 1866 577 1933 δὲν
603 1860 639 1926 τὸ
659 1862 835 1929 ἐπίστευον.
888 1864 905 1927 o‘
927 1868 962 1929 δὲ
983 1868 1177 1951 πατριάρχης

83 1963 253 2047 ἐβλέποντο
274 1962 350 2038 τούς
379 1964 604 2045 ἐλέγχους-καί
632 1962 773 2045 ε’χθρούς
794 1966 905 2045 αύτού,
928 1962 975 2029 ὅτι
997 1967 1111 2031 θέλονν
1134 1969 1173 2034 νά

83 2064 141 2130 τὸν
162 2062 432 2152 κατακυριεύσονν
465 2066 505 2144 μὲ
527 2061 563 2127 τά
585 2066 736 2146 ψὲματα,
757 2067 811 2128 ata
833 2060 899 2146 εἶχε
921 2066 991 2129 τίνα
1012 2066 1095 2153 κάμῃ
1121 2068 1175 2133 διά

84 2166 123 2238 νά
148 2168 234 2250 φανῇ
253 2162 273 2248 ἧ
302 2161 437 2247 άληθεια
458 2167 513 2227 καί
535 2166 601 2238 πῶς
624 2164 714 2227 αύτοί
728 2168 839 2245 λε’γουν
860 2170 1000 2251 uersuta,
1023 2162 1056 2245 ἒξ
1078 2164 1174 2251 α’νάγ.

44 2283 142 2349 νοκης
174 2265 228 2328 καί
247 2260 345 2343 νόμου
359 2262 530 2343 μετάθεσις
541 2262 666 2345 γίνεται.
691 2264 744 2326 καί
770 2261 843 2348 ἔτζη
859 2262 1002 2349 εὀηκιύθη
1015 2268 1069 2330 καί
1083 2269 1177 2331 ε’στα-

84 2363 218 2446 μάτισεν
239 2362 337 2448 ύρθύς
354 2367 437 2444 μέσα
458 2365 502 2437 είς
522 2364 579 2447 τήν
599 2366 690 2444 μέσιν
706 2364 762 2428 τού
776 2363 915 2448 πλήθους
936 2367 993 2429 τού
1012 2366 1102 2446 tart,
1124 2370 1179 2432 καί

84 2462 225 2549 derisorie
248 2472 318 2539 ταῖς
331 2456 443 2548 άκραις
455 2465 519 2529 τοῖν
533 2463 658 2549 ῥουχύν
670 2465 773 2528 αύτού
786 2462 865 2528 sinoti
877 2461 996 2550 ἐφύριε,
1009 2468 1064 2531 καί
1081 2464 1178 2546 ἔδειξε
1262 2487 1267 2496 ·
1297 2467 1301 2477 “

87 2749 271 2800 circumcisum
292 2764 306 2796 a
326 2748 430 2806 Turcis,
452 2745 536 2820 idque
553 2747 602 2795 illo
617 2755 738 2815 tempore
759 2763 812 2816 quo
824 2747 901 2816 Cpoli
921 2750 1054 2817 captivum
1073 2751 1101 2800 in
1119 2767 1178 2801 ser·

88 2823 203 2870 vitatem
222 2817 409 2869 abduxissent.
454 2827 598 2868 convocata
616 2818 684 2878 luit,
704 2817 784 2868 huius
800 2819 993 2870 criminationis
1013 2835 1178 2886 cognoscen-

89 2891 141 2941 dae
161 2907 248 2949 causa,
267 2890 355 2957 arnpla
387 2887 504 2954 synodus
519 2889 715 2959 ¹frequentibus
745 2887 919 2956 pontificibus
937 2892 1117 2958 metropolitis
1136 2909 1178 2942 ar·

88 2961 269 3029 chiepiscopis
288 2970 316 3010 et
338 2960 476 3027 episcopis.
514 2962 560 3027 qui
583 2976 641 3009 cnm
669 2960 698 3008 in
717 2959 743 3009 S.
762 2959 862 3009 iudicio
882 2955 1073 3022 consedissent,
1094 2961 1179 3012 adro·

88 3033 156 3083 catis
178 3047 287 3101 qaoque
305 3030 506 3080 venerabilibus
520 3044 630 3094 magnae
652 3030 782 3079 ecclesiae
801 3030 913 3088 clericis,
932 3033 1097 3098 congregatis
1113 3033 1178 3084 item

88 3102 257 3172 principibus
277 3101 311 3150 ds
330 3100 475 3152 nobilitate
495 3101 556 3151 viris
575 3117 606 3149 ac
623 3101 794 3168 totapopuli
814 3099 998 3163 multitudine,
1020 3101 1178 3154 considente

87 3178 142 3223 iam
161 3174 187 3223 S.
207 3171 309 3238 synodo
327 3172 537 3240 progrediuntur
560 3173 588 3221 in
606 3169 724 3219 medium
751 3177 916 3222 accusatores
936 3171 1114 3240 patriarchas,
1132 3175 1179 3243 qui

87 3252 167 3294 erant
193 3261 226 3294 ex
245 3243 401 3293 clericorum
418 3250 505 3292 coetu.
542 3249 711 3304 asseverant,
743 3257 792 3290 nac
810 3241 867 3292 sins
893 3241 1008 3293 clamore
1030 3260 1061 3294 ac
1078 3245 1180 3296 maiore

87 3314 163 3366 vocis
184 3316 374 3374 contentione,
396 3329 424 3363 ss
442 3329 503 3363 vere
520 3311 572 3363 hoc
591 3311 700 3373 dicere,
723 3311 898 3380 patriarcham
918 3327 934 3363 a
952 3313 1046 3364 Turcis
1064 3316 1179 3365 circum-

87 3385 174 3437 cisam
194 3402 261 3436 esse.
297 3383 448 3453 patriarcha
461 3391 555 3434 contra
573 3383 738 3434 severissime
756 3382 853 3446 iurare,
872 3400 902 3434 ea
923 3401 993 3452 quae
1015 3387 1066 3454 ipsi
1085 3385 1176 3438 dicant

88 3471 262 3525 nequaquam
282 3471 428 3512 emerere,
447 3453 494 3504 sed
513 3455 712 3524 iniquissimum
738 3463 766 3504 et
785 3454 1044 3523 impudentissimum
1062 3456 1176 3508 menda-

88 3528 170 3578 cium.
216 3526 258 3576 illi
286 3542 349 3576 vero
367 3525 508 3576 nihilloci
533 3526 585 3575 iuri
603 3524 717 3575 iurando
746 3525 803 3575 eius
825 3525 986 3595 relinquere,
1006 3525 1053 3577 sed
1071 3535 1176 3578 tantum
1204 3527 1210 3534 “

87 3598 192 3648 maiore
209 3614 273 3647 voce
292 3597 402 3656 instare,
421 3605 448 3646 et
471 3596 635 3648 contendere
663 3595 844 3646 circumcisum
863 3613 929 3646 esse.
974 3603 1062 3665 patres
1082 3607 1110 3649 ot
1128 3599 1177 3667 qui

89 3669 208 3720 concilio
223 3667 354 3728 aderant,
377 3666 543 3718 mirabantur
567 3667 634 3718 haec
651 3666 813 3726 audientes,
833 3664 992 3736 quibusdam
1012 3669 1111 3719 crimen
1129 3687 1177 3720 ve·

89 3757 149 3789 rum
173 3756 231 3789 esse
249 3738 439 3800 credentibus,
469 3739 530 3789 aliis
549 3747 636 3789 autem
662 3737 743 3788 fidem
767 3737 966 3804 derogantibus.
1004 3740 1177 3808 quamobrem

89 3809 259 3876 patriarcha,
277 3826 388 3860 cernens
414 3810 466 3860 vim
487 3817 515 3860 et
533 3809 727 3861 vehementiam
754 3807 960 3858 adversariorum
988 3826 1111 3872 snorum,
1131 3827 1177 3862 eos

89 3881 144 3932 hoc
162 3881 248 3931 solum
276 3896 374 3948 agere,
402 3880 535 3949 quomodo
556 3880 730 3950 putidissimis
758 3880 844 3948 ipsum
862 3879 1007 3930 mendaciis
1027 3880 1177 3949 pessunde-

5 3963 8 3977 ¹
90 3961 171 4016 rent,
198 3969 253 4022 quo
281 3967 310 4001 se
326 3959 443 4001 verteret
471 3969 525 4002 non
553 3951 688 4013 habebat,
717 3951 857 4001 utveritas
877 3951 905 4002 in
924 3952 1010 4001 lucem
1029 3953 1133 4002 veniret
1150 3960 1178 4004 et
1218 3953 1223 3978 '

90 4024 212 4090 ipsorum
240 4023 373 4072 calumnia
397 4023 546 4086 patefieret„
589 4024 654 4092 quia
678 4039 741 4088 ergo
768 4021 939 4090 pernegando
966 4024 1177 4088 etsanctissims

92 4093 208 4145 iurando
234 4093 305 4146 nihil
329 4092 507 4164 proficiebat,
531 4109 563 4146 ex
588 4094 746 4167 necessitate
779 4091 813 4143 ad
834 4093 981 4149 remedium
999 4093 1101 4162 legibus
1121 4111 1178 4146 non
