2884 4775
257 244 333 328 νον
628 257 683 328 ue
713 258 845 333 anus
876 263 982 336 rerer
1066 211 1068 218 ’

363 445 482 512 Τοῦτον
508 444 545 512 δὲ
575 444 629 512 τὸν
653 444 770 531 χρόνον
795 444 1004 532 ε’σηκαίθησαν
1033 439 1064 510 oi
1082 445 1280 528 Balanitae,
1310 443 1363 506 καί

256 543 438 635 torretorre
468 543 502 612 τὸ
528 548 687 614 Χαονικόν
706 552 824 633 μέρος·
867 546 929 630 ζειαί
949 549 1073 629 βλέπων
1100 544 1117 610 ὁ
1138 548 1292 628 Στράτων
1315 537 1361 606 ὅτι

257 647 312 715 tte
330 649 471 734 ἧμιωρεῖ
495 648 533 714 ed
556 649 641 737 κάμῃ
674 650 781 714 tinore
805 650 934 730 α’λλίως,
957 645 1057 732 ὑπῆγε
1077 643 1132 711 καί
1154 645 1275 710 ἔκτισεν
1297 647 1366 708 ἐκεῖ

256 747 405 832 κάπρον,
424 747 481 814 καί
502 747 538 812 τό
562 746 711 832 ω’νόμασε
737 747 880 814 Χαονίαν
902 747 1003 829 πόλιν,
1026 742 1104 810 ὅτων
1125 742 1239 826 ἔβαλεν
1261 740 1363 810 ἐτιτα-

256 849 383 925 κοσίονς
405 843 534 933 ἄνδρας,
555 851 610 914 καί
629 851 675 924 εἰς
695 848 731 912 rt
756 853 878 932 Aditur,
901 842 978 911 dnae
998 841 1065 929 εἶχε
1089 851 1187 911 κτίσει
1205 841 1384 931 φρούριονῦ

258 946 276 1012 ὅ
290 941 408 1025 ’Ἄτλας
445 954 576 1033 πλησίον
603 957 658 1034 τῆς
684 953 840 1034 Ζαμβρῆς
865 949 908 1026 ὥς
935 948 1028 1032 αἱρῶν
1049 947 1206 1029 διάστημα
1228 942 1299 1008 δοό.
1346 940 1363 1027 ἦ

258 1052 295 1115 δὲ
316 1047 439 1137 ἀδελφή
463 1053 520 1115 τοῦ
541 1047 735 1134 Στράτωνος,
756 1043 874 1133 τὸνομα
905 1047 1069 1135 [Ἀρίστη]
1081 1100 1091 1130 ,
1118 1047 1239 1112 ἔκτισεν
1258 1044 1365 1128 ἕτερον

257 1147 415 1235 φρούριον
434 1148 514 1215 κατὰ
543 1150 577 1217 τὸ
600 1153 694 1234 μέρος
714 1156 773 1216 τοῦ
789 1143 981 1230 ’Δί’δωνίον,
1003 1147 1111 1214 καὶτὸ
1135 1147 1298 1228 ον’νόμασεν
1320 1147 1365 1220 εἰς

256 1245 290 1324 τὸ
323 1240 422 1332 ὄνομά
445 1275 499 1336 της
523 1251 691 1334 Ἀρίστων.
750 1248 766 1314 ὅ
805 1253 842 1314 δὲ
870 1249 1018 1332 Στράτων
1048 1244 1151 1314 ἔκτισε
1185 1251 1241 1313 καί
1258 1251 1366 1328 ἓτερον

257 1349 413 1434 φρούριον
432 1350 513 1436 πρὸς
544 1351 578 1417 ed
602 1353 687 1418 κοίταν
717 1356 816 1437 μέρος
847 1353 910 1415 τοῖν
935 1351 1133 1431 Μολοσσῶν,
1152 1352 1208 1414 καί
1227 1345 1260 1415 rai
1283 1344 1399 1413 ω’νό-ιθ

222 1475 228 1482 ·
259 1473 343 1530 μασε
363 1453 395 1516 Γ
393 1450 514 1534 α’ρδων.

359 1552 455 1618 Μετὰ
489 1555 524 1618 δὲ
550 1550 665 1638 χρόνον
687 1556 743 1620 ἕνα
764 1550 973 1640 ἐσηκιόθησοιν
998 1555 1081 1628 τινὲς
1104 1553 1283 1632 Μολοσσοί,
1310 1547 1365 1613 καί

260 1647 455 1736 ε’κοτίρσεοον
476 1649 516 1719 ui
540 1652 669 1736 uinitori
693 1656 748 1739 τῆς
763 1655 936 1738 Χομήλης·
980 1655 1036 1718 κατ’
1054 1650 1116 1717 eino*
1142 1653 1235 1716 τοῦτο
1254 1673 1363 1734 τιαρα-

260 1755 400 1837 κινρθείς
424 1752 578 1831 ὅΖωῖλος
599 1751 700 1820 ἔκτισε
721 1755 879 1840 φρούριον
899 1755 945 1830 εἰς
966 1750 1005 1820 τοὶ
1029 1751 1123 1819 στενοὶ
1143 1750 1262 1833 μεταξὺ
1300 1749 1364 1814 τοῖν

225 1905 230 1912 .
262 1857 474 1920 Μολοσσικῶν
492 1858 617 1939 βοννῶν
638 1859 693 1922 καί
713 1857 923 1942 Χειμάρρας,
943 1857 999 1920 καί
1027 1855 1062 1921 τὸ
1087 1848 1235 1936 οὗνόμασε
1258 1850 1364 1940 φροί-
1374 1874 1401 1927 15

260 1975 330 2037 ριον
349 1956 489 2022 Ζωίλου.
888 1965 893 1974 ’

361 2056 459 2124 Merui
483 2060 517 2124 di
538 2057 594 2124 ede
614 2058 753 2125 θάνατον
781 2063 838 2125 τοῦ
860 2061 1027 2126 Ἀϊδωνίον
1049 2051 1231 2136 ε’ξοοσίασεν
1253 2053 1271 2117 ri
1295 2051 1365 2130 υἶός

261 2160 363 2224 autori
384 2162 415 2223 Γ
413 2158 536 2224 λύκων·
579 2160 635 2244 τὴν
664 2163 699 2226 δὲ
731 2159 874 2248 ἀδελφὴν
900 2161 1000 2225 adteri
1020 2161 1159 2245 Δοβιλην
1186 2157 1287 2223 ἔδονσε
1309 2153 1364 2220 τόν

260 2254 331 2323 uide
353 2262 410 2324 reri
425 2252 529 2327 Ἀτλα
548 2261 713 2346 Φιλήμονα
734 2265 780 2339 είς
799 2269 933 2345 γυναῖκα
953 2258 1004 2325 διὰ
1025 2260 1083 2346 τήν
1104 2255 1285 2346 ὡραιότητα
1306 2255 1365 2320 ατί-

259 2362 316 2425 rori
338 2359 394 2426 καί
413 2363 539 2448 εἰρήνην
560 2364 775 2449 παντοτεινὴν.
819 2363 836 2448 ἦ
860 2366 895 2429 δὲ
913 2367 1035 2447 Δοβιλη
1055 2358 1207 2441 ἐξαδίασε
1231 2360 1287 2424 καί
1308 2375 1401 2434 eru-20

259 2460 445 2527 τεσκείασεν
469 2463 530 2543 ἔξω
551 2468 604 2549 τῆς
614 2467 855 2549 Δροϊνοιιόλεας
877 2460 970 2529 τότιον
991 2464 1110 2549 α’γορᾶς
1131 2462 1188 2527 καί
1206 2459 1365 2544 ἐργαστή-

263 2584 334 2643 ρια·
378 2565 433 2627 κατ’
452 2561 548 2652 ἔφερε
561 2559 618 2629 καί
636 2566 779 2649 τεχνίτας
801 2564 840 2630 voi
863 2564 1057 2629 δουλεύωσιν
1074 2558 1285 2661 α’νοφαντιροέ.
1330 2562 1364 2623 ἑκ

261 2662 296 2727 δὲ
318 2666 377 2728 τοῦ
397 2657 568 2751 deonerari
588 2669 688 2752 πέραν
719 2669 776 2731 τοῦ
798 2670 941 2749 ποταμοῦ
961 2662 1058 2752 ἔφερε
1084 2668 1126 2747 μὲ
1147 2661 1243 2740 &toda
1263 2662 1363 2745 μεγα.

361 3007 418 3059 lloe
436 3014 526 3061 antem
549 3013 672 3077 tempore
691 3008 826 3060 Beleritae
852 3013 1028 3059 correxerunt
1051 3010 1079 3055 et
1097 3010 1201 3073 partem
1222 3001 1362 3055 Chaoniae

259 3087 399 3139 vexarunt,
418 3086 501 3148 atque
522 3078 634 3144 Strato,
652 3096 711 3130 eum
731 3077 851 3140 videret,
870 3076 946 3128 aliud
965 3093 994 3128 ee
1014 3076 1101 3127 facere
1121 3092 1177 3126 non
1197 3090 1295 3143 poree,
1315 3074 1362 3125 ad·

259 3151 336 3203 venit
359 3158 386 3201 et
406 3150 546 3201 castellnm
569 3150 608 3201 ibi
627 3149 752 3202 condidit
774 3159 802 3203 et
819 3147 1017 3217 Chaonopolim
1037 3147 1155 3205 vocavit,
1183 3144 1232 3195 ubi
1257 3146 1361 3215 reptio·

261 3228 355 3289 genter
378 3220 503 3273 homines
531 3222 687 3283 constituit,
714 3230 742 3273 et
768 3224 796 3274 in
814 3220 908 3281 Delio,
936 3218 984 3270 ubi
1009 3218 1149 3269 castellum
1173 3218 1247 3269 Atlae
1277 3233 1363 3287 prope

261 3291 398 3343 'tambram
416 3291 529 3343 duarum
548 3295 636 3360 apetie
658 3293 786 3343 horarum
803 3290 970 3343 condiderat.
1008 3306 1083 3341 soror
1111 3297 1201 3341 autern
1218 3286 1363 3349 Stratonis,

261 3364 367 3424 Ariete,
385 3362 462 3414 aliud
481 3364 622 3415 caetellum
642 3364 669 3413 in
690 3372 767 3433 parte
788 3363 897 3415 Aidonii
920 3359 1057 3423 condidit,
1085 3368 1162 3411 etex
1182 3360 1293 3411 nornine
1313 3376 1360 3409 τοο

261 3434 389 3485 Δτίειὶαιο
408 3434 567 3503 appellavit.
603 3434 692 3486 Strato
710 3444 801 3487 autem
820 3436 902 3486 etiam
919 3431 994 3484 aliud
1013 3431 1154 3484 castellum
1174 3432 1203 3482 in
1223 3439 1299 3500 parte
1319 3432 1363 3481 in·

264 3504 363 3556 feriore
384 3506 565 3558 Molossorum
585 3504 718 3570 condidit,
739 3515 766 3559 et
785 3504 915 3558 Gordium
935 3505 1049 3558 vocavit.

363 3596 441 3646 Anno
461 3603 553 3647 autern
572 3602 633 3664 poet
652 3594 763 3646 Molorei
783 3593 910 3647 nonnulli
929 3598 1111 3653 surrexerunt,
1131 3598 1159 3642 et
1177 3590 1204 3641 in
1227 3588 1365 3657 regionem

265 3664 407 3717 Chomelee
426 3666 594 3717 incursiones
616 3666 763 3733 iecerunt„
780 3674 864 3737 atque
888 3672 1030 3733 propterea
1051 3663 1141 3714 Zoilur
1168 3660 1312 3712 castellum
1339 3662 1366 3709 in

265 3736 395 3802 anguetiie
414 3736 485 3788 inter
504 3738 587 3788 collee
608 3738 768 3789 Moloeeicoe
788 3745 817 3790 et
840 3735 994 3789 chimarrae
1013 3732 1154 3797 condidit,
1175 3740 1204 3783 et
1222 3730 1294 3782 illud
1312 3748 1366 3783 no-

262 3806 377 3858 minavit
394 3808 533 3867 cantellum
552 3808 629 3861 Zoili.

365 3892 466 3945 Mortui
481 3903 570 3947 autern
591 3894 703 3947 Aidonii
723 3894 795 3945 liliue
815 3894 920 3962 Glycon
942 3894 1077 3963 regnavit,
1099 3893 1147 3963 qui
1165 3906 1285 3942 aurorem
1307 3890 1365 3941 Do·

262 3965 339 4017 bilen
359 3965 475 4017 Atlantia
495 3966 552 4018 filio
573 3966 728 4018 Philemoni
746 3973 859 4035 propter
883 3964 1117 4035 pulchritudinem
1139 3964 1198 4014 eius
1223 3970 1252 4013 et
1270 3978 1365 4030 pacem

262 4037 392 4088 sinceram
410 4039 509 4105 nuptui
529 4036 613 4090 dedit.
634 4038 736 4089 Dobila
754 4045 843 4089 autem
883 4038 969 4090 aravit
986 4046 1015 4089 et
1035 4036 1276 4089 conutituit-extra
1296 4034 1365 4099 Dry-

261 4106 383 4177 nopoliur
405 4108 494 4161 locum
515 4107 566 4161 lori
587 4118 616 4163 et
633 4109 770 4172 tabernae,
789 4118 817 4160 et
835 4124 849 4160 a
870 4107 949 4161 duait
970 4108 1096 4173 artifices,
1117 4113 1148 4159 ut
1165 4113 1248 4157 artem
1269 4111 1365 4157 texto·

263 4193 322 4235 rura
340 4187 507 4246 exercerent,
528 4188 655 4235 eruente
675 4188 775 4248 autern,
797 4181 843 4253 qui
857 4188 930 4235 trane
949 4179 1058 4235 fluviona
1078 4180 1144 4233 situr
1158 4184 1208 4243 eat,
1229 4173 1364 4243 euntibus
