2884 4775
543 240 746 307 coornet.
932 304 937 309 ,
1146 232 1195 310 ίιο

96 391 270 458 αἰλιάλυτον
292 388 348 453 καὶ
361 390 444 475 σῷον
462 384 496 452 έν
508 391 559 475 γῇ,
573 393 628 453 κατ’
648 392 828 475 φαίνονται,
850 387 902 455 ira
914 414 963 466 τις
980 392 1082 480 τάφος
1104 395 1198 480 α’φιι.

97 496 252 573 ριομένου
280 490 450 574 α’νιονχθῇ,
483 486 525 561 ὥς
556 489 706 568 τύμπανα
740 496 796 552 κατ’
818 494 961 574 μέλανες,
985 491 1199 573 ἀποβαλόντες
1235 536 1239 543 -

97 591 194 652 ούδέν
220 590 336 652 ἐκτῶν
357 574 582 667 ucionensi&
605 584 709 661 αύτάς
740 587 795 663 τὰς
814 589 937 671 τρίχας,
961 595 1017 654 sai
1037 586 1098 675 iu,
1118 592 1200 656 έπάν

95 686 428 772 αύτρλσυγχωρησοοσι
446 688 486 748 δι’
505 685 601 767 εύχῆς
615 689 670 748 καί
686 683 879 770 ἐπικλήσεως
892 689 983 768 θεού,
1004 691 1113 757 λύεται
1134 687 1200 755 πά.

69 799 148 855 5λιν
170 790 224 855 κατ’
247 789 331 863 κόνις
351 780 502 870 γίνεται.Χ
523 790 755 869 μετεκαλέσατο
775 790 875 851 ταῦτα
898 786 1124 870 ένοοτισάμενος
1144 787 1201 855 τόν

95 887 311 972 πατριάρχην,
332 885 383 950 ἵνα
405 884 440 949 τό
462 874 602 951 τοιούτου
626 884 771 971 πιστούοη
796 885 891 971 αύτῷ.
935 881 971 961 iic
992 889 1030 967 δη
1052 888 1202 953 α’πελθοόν

96 986 154 1050 καί
172 991 273 1051 ταῦτα
293 985 432 1058 α’κούσας
453 983 539 1067 παρά
558 987 616 1047 τού
631 981 802 1047 σουλτάνου
825 982 982 1065 ύπέοχιτο
1004 988 1203 1070 φανεράσεικ
1321 1063 1325 1073 f

97 1083 187 1173 αύτῷ
200 1131 211 1162 ,
232 1081 414 1165 εύρεθέντος
445 1082 529 1159 τινός
555 1081 804 1165 προτεθνηκότος
831 1080 865 1147 έν
887 1086 1073 1170 α’φορισμοῦ
1093 1087 1199 1166 βάρει.
1265 1130 1281 1161 ,

99 1183 249 1258 ἐλθόντος
270 1178 328 1249 ούν
346 1186 381 1248 έν
411 1184 626 1268 πατριαρχειήι
650 1184 708 1245 τοῦ
731 1181 956 1264 πατριάρχου,
979 1187 1034 1247 κατ’
1058 1186 1202 1265 σκέψεως

57 1293 89 1344 10
98 1287 264 1366 γινομένης
277 1282 354 1364 περί
363 1304 447 1356 τινος
463 1281 845 1367 φθάσαντοςτελευτηοαι
857 1285 890 1343 έν
902 1277 997 1362 βάρει
1008 1284 1201 1367 άφοριυμοῦ,

99 1384 314 1464 ένενοηθησαν
339 1376 389 1443 ότι
409 1378 487 1465 γυνή
513 1404 560 1455 τις
582 1377 716 1464 οἰσελγης
746 1373 829 1445 ούσα
851 1381 1023 1465 διεφήμισε
1044 1386 1101 1446 κατ’
1121 1379 1200 1446 κατά

80 1481 304 1562 ,πατριάρχου
323 1477 373 1542 ότι
398 1476 580 1561 συνεγένετο
594 1474 688 1566 αύτῇ,
709 1471 747 1561 ἧς
767 1481 876 1563 φήμης
899 1482 1129 1563 διασπαρεέσης
1152 1505 1200 1543 τι·

97 1581 149 1651 νὲς
173 1580 346 1641 ἐπίστευον.
390 1578 424 1653 ὃς
445 1582 548 1641 ταῦτα
580 1575 720 1654 α’κούσας
749 1577 944 1661 ἐξεφώνησεν
964 1577 1143 1663 άφορισμὸν
1166 1576 1201 1641 έν

97 1679 159 1761 μιᾷ
181 1679 243 1739 τοῖν
263 1673 388 1761 ἑορτάν.
431 1680 486 1739 κατ’
506 1675 546 1758 δὴ
569 1679 603 1741 έκ
623 1681 743 1741 πολλοῦ
765 1673 992 1761 ἀποθανούσης
1013 1682 1071 1754 τῆς
1090 1674 1246 1758 γυναι-λθ

58 1794 89 1844 15
98 1774 155 1849 κός
177 1771 305 1858 ταύτης,
326 1771 369 1851 τός
392 1778 571 1852 ἐλπίζοντος
591 1780 647 1839 τοῦ
668 1774 870 1857 πατριάρχου
900 1768 951 1837 ότι
973 1776 1008 1838 έν
1027 1768 1202 1859 άφορισμηῖ

97 1881 188 1955 μένει
211 1867 261 1938 οἷα
283 1876 452 1956 κατήγορος
474 1874 619 1937 τοιούτου
644 1872 769 1956 άνύρός,
789 1874 903 1959 η’νέῳξε
924 1870 960 1936 τό
982 1879 1101 1956 μνῆμα.
1144 1872 1200 1933 καί

100 1966 143 2055 (ai
164 1975 226 2035 τῶν
250 1974 441 2052 θαυμασίων
472 1974 568 2054 θεοῦ)
598 1970 715 2056 εὑρέθη
739 1969 782 2046 οός
806 1971 918 2052 ε’τέθη,
938 1972 1142 2053 ἐξωγκωμένη
1164 1970 1202 2032 δέ

97 2073 197 2150 μόνον
218 2074 272 2133 κατ’
292 2076 438 2150 μέλαινα,
457 2069 504 2151 μη
525 2074 732 2151 ἀποβαλοῦσα
755 2072 831 2134 otta
854 2070 912 2145 τάς
932 2072 968 2135 έν
986 2071 1109 2154 κεφαλῇ
1129 2067 1199 2149 τρέ-

98 2192 170 2249 χας.
215 2168 271 2232 καί
299 2165 370 2233 τότε
400 2171 439 2253 δη
470 2167 682 2252 άιτμηνόσατο
712 2174 758 2257 τῷ
787 2169 964 2257 σουλτάνηι,
990 2166 1027 2241 iic
1057 2164 1199 2248 ἔπεμψεν

54 2269 203 2342 abitione
231 2266 424 2350 ἀνθρώπους
445 2267 505 2341 κατ’
532 2268 708 2333 ἐθεάσαντο
739 2271 859 2353 αύτήν,
884 2269 918 2333 ot
934 2272 989 2334 κατ’
1004 2265 1202 2347 θεασάμενοι

100 2365 217 2452 ταύτην
238 2366 452 2452 ἐξεπλάγησαν
474 2367 528 2434 καί
548 2369 756 2452 ἐθαύμασαν·
810 2372 865 2434 κατ’
885 2368 992 2434 ἔθεντο
1013 2369 1047 2432 έν
1066 2363 1200 2452 κιβωτόρι

100 2465 156 2530 κατ’
174 2464 358 2553 η’σφάλισαν
379 2464 455 2532 αύτὸ
476 2465 532 2532 διά
552 2467 692 2551 βούλλας
713 2472 770 2566 τοῦ
799 2471 968 2548 βασιλέως.
1009 2464 1123 2546 ἔταξαν
1144 2449 1201 2525 riv

103 2751 166 2804 que,
186 2735 310 2804 sepulcro
336 2736 398 2788 talis
423 2737 543 2789 hominis
572 2746 677 2807 aperto,
704 2737 818 2789 cadaver
838 2738 924 2789 instar
937 2736 1058 2807 tympani
1078 2735 1201 2788 inflatum

104 2815 133 2856 et
153 2805 267 2872 nigrum,
286 2809 363 2857 nullo
384 2807 506 2858 membro
525 2809 632 2871 amisso,
658 2824 692 2858 ne
710 2811 772 2875 ipso
794 2807 904 2877 quidem
922 2808 1033 2876 capilio.
1070 2823 1159 2858 rursus
1176 2807 1200 2858 si

101 2876 207 2925 veniam
230 2878 355 2945 precibus
375 2886 403 2928 et
425 2879 597 2929 invocatione
617 2878 734 2929 numinis
753 2878 838 2929 divini
859 2880 884 2928 ei
905 2879 1060 2945 impetrent,
1077 2875 1199 2926 dissolu·

102 2949 204 2996 tionem
228 2945 362 2997 cadaveris
384 2949 411 2997 in
431 2949 549 2998 cinerem
568 2949 634 3000 fieri.
671 2949 768 2999 accivit
784 2948 827 2998 his
845 2946 947 2997 auditis
964 2946 1149 3014 patriarcham,
1169 2953 1200 2996 ut
1232 3009 1234 3014 .

101 3017 161 3065 eius
182 3016 221 3066 rei
242 3017 293 3066 sibi
316 3017 350 3065 ab
372 3033 404 3066 eo
431 3012 498 3067 fides
530 3018 614 3077 [ieret.
652 3019 699 3086 qui
718 3021 848 3079 veniens,
870 3015 962 3067 audita
981 3015 1081 3066 euitani
1101 3022 1199 3084 postu-

102 3085 221 3146 latione,
241 3087 401 3156 sepianum
419 3088 444 3137 ei
470 3088 603 3137 iacturum
632 3088 765 3154 promisit,
785 3096 816 3138 ut
836 3088 950 3154 primum
971 3086 1070 3155 aliquis
1088 3101 1199 3135 succur-

104 3163 174 3206 reret
195 3155 344 3224 aliquando
360 3157 538 3207 anathematis
557 3157 631 3207 oneri
651 3158 818 3207 immortuus.
856 3172 962 3206 reverso
981 3157 1011 3205 in
1032 3154 1198 3206 domicilium

101 3242 179 3274 surim
199 3225 372 3294 patriarcha,
392 3227 556 3292 cogitatione
583 3234 610 3276 et
628 3224 811 3294 dispicientia,
832 3226 854 3276 si
875 3227 937 3295 quis
955 3225 1109 3294 praeteritis
1129 3233 1198 3276 tem·

100 3292 214 3364 poribus
234 3311 265 3346 ea
281 3296 353 3346 mole
374 3313 481 3364 pressus
501 3295 622 3355 obiisset,
640 3303 774 3364 suscepta,
791 3296 915 3366 patribus
934 3296 964 3347 in
983 3303 1101 3346 mentem
1122 3295 1199 3347 venit

100 3365 222 3415 mulieris
240 3365 378 3416 cuiusdam
399 3364 572 3427 libidinosae,
593 3381 663 3434 quae
680 3365 714 3416 de
734 3366 851 3436 quodam
870 3365 1030 3435 patriarcba,
1048 3365 1122 3415 bunc
1139 3366 1198 3432 ipsa

100 3435 282 3496 consuevisse,
300 3435 398 3487 famam
417 3445 563 3505 τροπικοῖς
588 3435 631 3485 eui
651 3436 738 3486 famae
759 3454 813 3487 non
835 3453 850 3486 a
869 3437 975 3487 nemine
997 3435 1088 3493 suerat,
1104 3433 1198 3485 habita

100 3503 175 3554 fides.
223 3506 245 3554 is
267 3521 347 3566 vero,
374 3505 548 3574 improbitate
573 3506 699 3573 cognita,
727 3505 892 3557 anathemati
919 3506 993 3556 iiiam
1012 3504 1130 3575 quodam
1151 3503 1198 3554 dis

100 3574 171 3624 festo
191 3574 353 3625 subiecerat.
373 3592 444 3643 quae
462 3575 559 3626 mulier
575 3592 634 3625 cum
655 3576 737 3642 longo
758 3585 822 3627 ante
841 3584 963 3643 tempore
982 3591 998 3624 e
1019 3575 1085 3625 vivis
1105 3590 1198 3625 esces·
1265 3601 1270 3606 Δ

100 3645 188 3705 sisset,
206 3644 358 3712 patriarcba
376 3646 533 3695 existimaus
552 3661 623 3706 earn,
645 3647 709 3714 quia
730 3653 834 3697 tantum
854 3647 938 3695 virum
961 3642 1127 3706 infamasset,
1146 3644 1195 3694 ed·

99 3713 345 3784 hucxanathemate
365 3714 537 3766 constrictam
556 3716 652 3778 teneri,
671 3716 823 3784 sepulcrum
845 3717 903 3767 eius
921 3714 1098 3783 aperiendum
1117 3729 1196 3764 cura·

99 3784 148 3833 vit.
175 3792 241 3834 tunc
259 3784 308 3834 iila
325 3784 353 3854 (o
372 3785 529 3835 miraculum
542 3784 598 3855 dei)
616 3786 644 3835 in
658 3803 694 3837 eo
710 3794 782 3836 statu
799 3803 853 3854 quo
868 3784 993 3853 deposita
1012 3792 1118 3852 reperta
1135 3783 1197 3844 fuit,

78 3853 203 3903 'tumida
221 3853 381 3922 turgidaque
401 3863 505 3906 tantum
525 3863 552 3905 et
573 3857 658 3922 nigra,
677 3854 899 3922 nondum‘etiam
916 3854 1037 3911 crinibus
1055 3853 1089 3905 de
1107 3854 1196 3920 capite

99 3924 212 3974 arnissis.
260 3941 287 3974 rs
315 3923 350 3974 ad
377 3926 513 3975 sultanum
544 3925 628 3974 citata
652 3917 726 3976 niisit
751 3927 773 3976 is
800 3924 835 3974 ad
859 3923 1096 3993 contemplandam
1121 3923 1196 3973 iliam

98 4003 188 4044 certos
208 3993 339 4046 homines.
377 3995 425 4063 qui
439 3995 616 4062 contemplati
630 3994 807 4046 admiratione
820 3995 1029 4063 obstupuerunt.
1065 3993 1195 4044 cadavere

101 4062 202 4114 deinde
220 4064 250 4114 in
268 4080 328 4115 arca
351 4066 438 4132 posito
460 4063 529 4116 hanc
547 4065 636 4132 sigilio
658 4066 732 4133 regin
753 4066 940 4129 muniverunt3
971 4062 1041 4114 diem
1059 4061 1210 4123 dixerunt,¹

140 4172 208 4221 Hist.
222 4170 277 4241 ροέ.
297 4171 345 4224 01¹.
992 4175 1009 4221 a
