2884 4775
279 278 352 358 196
704 278 920 351 'HISTORIA
992 274 999 281 ”

276 436 425 513 αιἀντόν
440 430 591 524 Χριστόν,
612 434 630 501 ό
641 435 759 516 ’ὁποῖος
781 431 865 518 dno}
894 436 1084 522 ἐσταυρώθη
1107 436 1188 523 ὑπὲρ
1210 430 1311 522 ἧμιόν.
1333 439 1381 510 εἰς
1440 478 1441 485 1

276 543 372 610 τόσον
391 538 454 625 γάρ
477 543 650 623 μιμοῦνται
681 537 738 604 τόν
769 537 892 604 ’luridus
924 540 1036 603 ε’κεῖνοι
1066 535 1095 601 οἱ
1116 539 1278 625 ἀρχιερεῖς
1299 536 1380 600 duod
1440 550 1441 587 ι

277 645 404 709 πωλοῦν
423 638 462 707 τά
481 641 672 725 χαρίσματα
694 644 752 705 τοῦ
773 639 959 721 πνεόματοςρ
988 635 1038 705 ότι
1059 638 1113 704 καὶ
1134 637 1164 703 οἱ
1183 634 1273 703 τόποι
1297 636 1380 701 όποῦ
1440 628 1441 641 ’

277 739 489 828 ἀγοράζονται
512 737 591 821 μετά
613 741 745 805 τοιαῦτα
767 738 917 825 ἀργόρια,
938 731 1035 823 ἤγουν
1058 737 1091 803 αἱ
1122 736 1244 822 ἐνορίαι
1263 739 1320 802 κατ’
1340 734 1382 800 τά

217 860 269 915 180
275 848 381 929 χωρία
401 843 447 917 εἷς
468 838 507 906 τά
531 838 626 907 ὁποῖα
646 842 815 927 καριεάουν
835 834 904 923 ἦτοι
932 838 1101 925 ἐνορεόουν
1126 837 1155 903 οἱ
1174 835 1402 923 gubernatori-5

276 946 448 1027 μενοι,ναί
466 940 507 1033 τά
527 946 623 1024 χόρια
646 938 723 1005 όποῦ
746 942 891 1022 δέχονται
912 936 986 1013 τοός
1003 940 1154 1023 ναρποός,
1175 945 1319 1033 τουτέστι
1340 937 1379 1002 τά
1440 998 1441 1047 η

275 1041 480 1129 εἶσοόήματα,
503 1043 669 1125 ἀιιελόαμά
689 1046 806 1107 θέλουν
823 1039 997 1125 όνομασθηζ
1038 1039 1073 1107 τὸ
1093 1036 1199 1105 όποῖον
1213 1041 1381 1118 ἀνιλδαμά
1440 1066 1441 1071 ’

275 1145 345 1213 ἕναι
366 1149 449 1225 λε’ξις
465 1140 624 1231 Ἕβροϊιιά,
647 1146 703 1208 κατ’
726 1142 932 1226 ἕρμηνεόεται
955 1139 1116 1228 Ἑλληνικά
1137 1139 1257 1226 χωρίον
1279 1138 1382 1218 αἳμα-

274 1271 346 1326 τος·
369 1245 531 1330 όλόχθηόὲ
547 1243 581 1309 ἐν
595 1245 633 1333 τῇ
648 1248 748 1331 βίβλῳ
765 1247 826 1307 τῶν
841 1245 993 1326 πράξεων.
1017 1246 1110 1308 τοῦτο
1121 1245 1197 1325 γοῦν
1212 1238 1283 1305 ἔναι
1299 1235 1379 1302 inuri

275 1353 370 1432 λέγει,
385 1341 446 1428 ότι,
466 1335 573 1431 ἀσπερ
594 1345 612 1409 ό
627 1347 720 1419 τόπος
735 1343 815 1409 inuri
830 1344 994 1430 ἀγοράοθη
1014 1342 1093 1425 μετά
1111 1340 1251 1425 ἀργύρια
1274 1338 1380 1405 ἐκεῖνα
1391 1359 1420 1409 1⁰

275 1448 358 1513 όποῦ
380 1444 530 1531 ε’πωλὴθη
561 1443 740 1528 ὅΧριστός
766 1442 854 1527 παρά
877 1447 933 1510 τοῦ
954 1441 1077 1529 Ἰοόόα,
1110 1442 1127 1505 ό
1162 1439 1260 1524 ἀγρός
1280 1432 1379 1521 ἤγουν

275 1552 311 1613 τὸ
333 1546 475 1632 χωράφη
496 1548 552 1610 τοῦ
573 1546 743 1628 κεραμέως,
764 1543 818 1608 nai
839 1546 1031 1628 ἀγορασθεός
1055 1545 1123 1625 μετ’
1146 1538 1228 1605 adrui
1254 1537 1291 1603 τά
1315 1541 1378 1621 ἀρ-

274 1650 372 1732 γύρια
394 1648 543 1733 ἐλογίσθη
576 1646 632 1710 καί
658 1644 824 1729 όνομάσθη
852 1644 927 1729 τιμη“
954 1650 1103 1726 αἳματος,
1132 1638 1380 1724 τοιουτοτρόποις

276 1752 332 1813 κατ’
349 1748 387 1814 τὰ
409 1746 636 1831 λαμβανόμενα
650 1740 792 1832 ἀργύρια
812 1748 975 1831 mundrein
996 1743 1184 1810 πωλούντων
1206 1741 1263 1826 τὴν
1282 1738 1381 1825 χάριν
1440 1784 1441 1813 1

276 1852 335 1914 τοῦ
358 1854 449 1929 θεοῦ,
470 1853 524 1913 καί
544 1846 579 1914 αἱ
600 1852 721 1933 ἑνορίαι
745 1846 800 1912 καί
823 1846 856 1911 αἱ
878 1850 984 1931 χοῖροι
998 1900 1007 1928 ,
1034 1848 1178 1910 τουτέστι
1210 1842 1248 1908 τά
1273 1843 1379 1926 χωρία
1391 1836 1441 1908 1'5*

277 1948 358 2015 duod
378 1948 476 2035 ἔχουν
491 1948 548 2026 τάς
563 1953 697 2035 ἑνορίας,
717 1949 775 2025 τάς
796 1948 905 2023 ὁποίας
930 1945 1108 2031 ἀγοράζουν
1128 1945 1159 2011 οἱ
1177 1940 1380 2029 χειροτονού-

275 2076 366 2133 μενρι
386 2050 481 2135 ἱερεῖς
505 2049 567 2116 ἀπό
593 2051 665 2127 τούς
689 2051 851 2135 ἀρχιερεῖς
865 2050 920 2112 καί
939 2050 1048 2113 δι’όουν
1064 2045 1190 2133 φλωρόα
1210 2040 1308 2130 ἤγουν
1325 2048 1382 2125 ἑμ-

276 2152 416 2233 βατίκια,
438 2150 514 2236 τιμη
532 2154 666 2233 αἳματος
679 2153 796 2216 θόλουν
815 2143 917 2232 ἧσθαι
938 2148 992 2212 καί
1012 2150 1127 2213 θέλουν
1149 2146 1379 2228 ὀνομάζεσθαι.

364 2255 435 2316 Κατ’
454 2250 498 2328 οῖς
526 2251 772 2336 ἀνεγνώσθησαν
804 2247 838 2314 αἱ
860 2242 984 2314 ἀνωθεν
999 2242 1219 2317 ,άπαστολικαό
1233 2250 1380 2335 ιιανόναι,
1440 2296 1441 2303 1

277 2354 409 2418 καὶτοῦ
434 2351 572 2437 μεγάλου
595 2348 782 2432 Βασιλείαν,
805 2348 952 2435 ἔγραψαν
980 2347 1081 2432 τόμον
1096 2350 1141 2426 εἰς
1163 2350 1219 2416 τόν
1239 2352 1420 2419 auidius-2⁰

278 2460 334 2521 ιιαί
362 2454 533 2541 ἀπεγράφη
565 2455 640 2537 παρ’
668 2451 767 2516 αὐτοῦ
795 2455 854 2516 τοῦ
883 2455 988 2517 κοινοῦ
1010 2451 1173 2534 δεσπότου,
1193 2459 1254 2520 τοῦ
1274 2483 1380 2523 πανα-

278 2553 434 2641 γιωτάτυυ
456 2557 511 2618 καί
529 2555 752 2634 οἰκουμενιιιοῦ
774 2555 985 2638 πατριάρχου,
1007 2551 1062 2617 καὶ
1072 2552 1159 2640 παρά
1178 2550 1382 2623 τῶνάνωθεν

280 2655 463 2738 ἁγιωτάτων
485 2655 672 2738 ἀρχιερέων,
695 2647 756 2735 ότι,
777 2646 883 2728 όποιος
902 2653 965 2718 ἀπό
989 2653 1063 2731 τούς
1076 2656 1236 2742 ἀρχιερεῖς
1254 2662 1382 2743 παρέβη

280 2752 357 2830 τούς
374 2756 485 2832 θείους
506 2746 631 2819 ἀνωθεν
654 2751 809 2839 κανόνας,
830 2751 869 2818 νά
894 2747 974 2818 εἶναι
992 2758 1220 2842 καθηρημὲνος.
1263 2761 1321 2822 καί
1342 2760 1383 2844 τῇ

278 2978 359 3030 cunin
377 2983 511 3040 emuntur,
531 2992 629 3046 nempe
663 2971 808 3046 parochiae
829 2983 857 3028 et
875 2975 1023 3040 dioeceses,
1044 2976 1221 3047 quibuscum
1241 2987 1384 3049 potestate

277 3050 466 3120 praesuntiiii
485 3049 603 3101 ordinati
633 3048 689 3099 sive
718 3047 869 3120 designati,
899 3055 926 3100 et
943 3049 1017 3117 ipsae
1039 3065 1135 3100 manus
1150 3067 1221 3120 quae
1241 3053 1384 3122 accipiunt

278 3122 383 3172 fructus
410 3136 459 3171 seu
487 3121 606 3184 reditus,
629 3121 688 3170 iure
718 3121 851 3172 Hebraice
872 3120 1027 3185 aceldama,
1046 3120 1141 3173 Latine
1159 3139 1221 3190 ager
1241 3124 1384 3192 sauguinis

278 3192 492 3262 appellitentur,
520 3209 591 3262 quae
616 3209 667 3244 vox
695 3195 892 3260 cap.1rerum
909 3191 944 3240 ab
966 3193 1096 3262 apostolis
1114 3200 1246 3261 gestarum
1267 3198 1384 3248 exstat.''

278 3262 413 3314 sententia
439 3269 511 3311 certe
544 3263 600 3312 eius
632 3263 706 3331 quod
726 3262 792 3315 dicit
809 3263 876 3314 hoec
895 3269 943 3314 est.
987 3263 1215 3333 quemadmodum
1234 3266 1311 3318 loeus
1334 3268 1383 3337 qui

278 3333 415 3402 argenteis
436 3331 502 3393 illis,
521 3333 621 3400 quibus
651 3332 753 3384 domini
773 3329 952 3405 proditio‘ab
973 3335 1039 3386 iuda
1059 3335 1185 3400 conflata,
1203 3340 1311 3407 em‘ptus
1332 3347 1382 3399 est,

281 3422 345 3473 ager
363 3403 467 3455 scilicet
484 3402 533 3453 iile
546 3403 630 3470 figuli,
652 3404 743 3472 stipsi
761 3406 890 3473 argentei,
909 3407 1007 3476 quibus
1027 3408 1048 3458 is
1067 3417 1173 3484 emptus
1191 3416 1241 3472 est,
1259 3411 1383 3479 reputati

279 3483 388 3528 suntet
408 3472 540 3545 appellati
569 3474 686 3544 pretium
719 3478 876 3543 sauguinis,
899 3477 995 3529 eodem
1018 3478 1100 3529 modo
1127 3479 1207 3530 etiam
1237 3482 1382 3549 pecuniae,

212 3559 217 3594 3
279 3563 347 3618 quas
365 3548 502 3616 accipiunt
522 3545 565 3597 iili
583 3552 780 3616 cauponatores
799 3550 900 3616 gratiae
921 3549 983 3612 dei,
1006 3557 1033 3600 et
1050 3549 1197 3620 parochiae
1216 3559 1300 3621 atque
1321 3553 1382 3603 ioca

278 3618 476 3690 parochiarum,
517 3634 565 3669 uas
582 3633 647 3669 auro
665 3616 795 3671 videlicet
814 3620 956 3672 embaticio
975 3621 1026 3672 sibi
1042 3631 1200 3692 comparent
1218 3622 1382 3686 sacerdotes,

280 3690 327 3760 qui
349 3688 507 3758 apontifici
530 3707 560 3741 us
580 3688 748 3754 ordinantur,
769 3692 865 3744 merito
891 3693 1009 3761 pretinm
1026 3689 1164 3762 sanguinis
1185 3702 1215 3746 ut
1235 3703 1318 3759 sunt,
1343 3697 1383 3747 ita

280 3762 364 3823 etiam
383 3759 568 3812 nominantur.
1299 3803 1303 3812 .

348 3831 438 3884 Lectis
457 3831 541 3899 igitur
558 3833 623 3896 iilis,
644 3850 759 3904 quorum
781 3851 862 3904 supra
880 3835 1099 3901 meminerimus,
1119 3836 1278 3907 apostolicis
1297 3853 1384 3888 cano·
1440 3863 1441 3876 ι

250 3904 360 3956 ‘nibus
378 3911 407 3955 et
424 3901 484 3953 loco
502 3901 595 3955 Basilii
613 3905 649 3958 Μ.
679 3905 900 3958 constitutionem
925 3908 953 3956 in
982 3906 1075 3959 codice
1093 3909 1299 3977 inscripserunt,
1318 3909 1384 3959 sub-

279 3977 413 4028 scribente
424 3973 483 4040 ipso
505 3977 638 4028 communi
657 3975 778 4040 domino,
798 3975 965 4030 sanctissimo
981 3987 1008 4029 et
1027 3981 1200 4031 oecumenico
1219 3981 1384 4049 patriarcba,
1440 4011 1441 4052 η

279 4045 512 4100 subscribentibus
532 4063 613 4118 supra
631 4050 784 4101 memoratis
809 4051 980 4105 sanctissimis
1008 4051 1200 4120 pontificibus3
1222 4067 1293 4122 quae
1316 4069 1384 4104 con·
1440 4063 1441 4066 ’

188 4125 191 4130 “
278 4121 385 4175 stitutio
405 4117 442 4173 sic
459 4116 553 4170 habet.
600 4119 776 4191 “quicunque
807 4122 967 4191 pontificum
997 4129 1176 4192 transgressus
1199 4123 1283 4176 fuerit
1301 4141 1384 4193 supe-

278 4192 361 4248 riores
379 4209 401 4246 ε.
420 4205 557 4254 canones,
578 4199 667 4246 motus
693 4192 927 4248 administratione
956 4211 1004 4246 sua
1025 4203 1112 4248 esto.‘·
1131 4197 1168 4248 ita
1190 4193 1300 4250 divinae
1322 4212 1383 4267 gra·
