2884 4775
443 338 445 341 ¹
523 252 841 322 earnraacarct.
977 264 983 274 ⁷
1062 208 1066 213 ⁴
1150 258 1198 328 οε

108 399 124 463 ό
145 394 223 472 θεός
244 396 355 475 altior
375 400 409 465 ἒν
431 396 534 492 ἑαυτῷ
544 405 599 469 καί
616 402 678 488 πρὸ
698 405 756 468 τοῦ
772 406 1043 489 δημιουργηθῆναι
1063 402 1119 471 ῦπ’
1139 410 1201 473 uri.

106 501 165 562 τοῦ
186 496 240 561 τόν
270 497 406 581 κόσμρν,
430 502 485 566 καί
514 502 567 565 διό
598 504 718 569 τοότιον
745 502 976 589 όόημιοῦργησε
998 502 1053 570 Ιτόν
1072 507 1200 593 κόσμον,

107 600 165 661 καί
183 594 237 661 dui
261 597 381 661 τοόταν
404 604 540 689 κυβερνᾷ
560 602 663 667 αότόν.
684 602 741 667 καί
758 605 862 666 ταῦτα
883 602 923 666 τοὶ
945 606 1018 688 τρία
1039 605 1200 686 ι’όιρόματα

107 694 303 776 ὀνομάζομεν
322 704 407 779 τρεῖς
427 698 620 777 ὑποστάσεις
639 696 735 785 ἤγουν
748 700 821 784 τρία
837 698 1000 784 πρόσωπα.
1042 708 1098 769 καί
1119 706 1259 772 dedum
1345 776 1348 778 Α

80 792 191 860 5αότό
214 796 254 859 τό
277 793 436 881 ἰδιώματα
471 800 512 862 ου’
535 804 700 882 μερίζουσι
731 800 791 884 τὴν
808 805 885 881 μίαν
905 805 961 866 καί
977 802 1202 891 οἱπλουστότην

107 888 220 958 οόσόαν
241 896 298 958 τοῦ
321 898 411 973 θεοῦ,
433 897 487 961 διὰ
511 903 601 963 τοῦτο
623 897 689 965 ἔστι
712 900 788 975 θεός
807 903 864 965 καί
880 899 962 981 μετὰ
981 906 1044 967 suiv
1065 902 1202 985 ι’όιωμό-

106 1018 170 1057 των
191 989 312 1058 τούτων
347 988 393 1072 εἷς
414 997 508 1081 θεός,
541 996 596 1063 καί
614 998 670 1061 οῦκ
698 1001 763 1065 εἰσί
788 1008 870 1085 τρεῖς
890 1002 971 1082 θεοῦ,
992 999 1100 1077 καθός
1120 1007 1201 1079 τινὲς
1233 1072 1239 1083 ,

107 1097 286 1175 τολμῶντες
307 1098 444 1177 λέγουσι.
767 1179 770 1184 Ι
942 1165 945 1178 ,

214 1192 251 1256 d'.
291 1191 492 1277 Πισεεῦομεν
525 1188 574 1260 ότι
593 1198 701 1278 όκπῆς
723 1195 849 1282 φόσεως
877 1200 932 1263 τοῦ
960 1204 1038 1264 θεοῦ
1060 1200 1209 1265 ἀ’νατὲλ.’

64 1297 199 1363 ιαλοοσι
230 1280 320 1377 λόγος
352 1296 405 1358 καί
425 1299 571 1377 πνεῦμα,
605 1290 708 1380 doaso
739 1296 801 1360 u’nd
831 1301 890 1362 τοῦ
921 1297 1120 1385 πυρός’φιῦς
1147 1305 1204 1366 καί

106 1394 222 1474 θέρμη.
282 1396 337 1455 καί
366 1390 510 1477 καθάπερ
545 1395 581 1461 τό
603 1399 690 1481 πῦρ,
725 1398 780 1461 κατ’
808 1400 840 1462 εἰ
863 1396 908 1478 μῦ
936 1395 1002 1462 ἔστι
1025 1398 1062 1463 τό
1075 1396 1110 1462 τό
1134 1424 1203 1485 φα·

106 1487 270 1571 τιζόμενον
292 1497 347 1557 καί
378 1495 629 1575 θερμαινόμενον
654 1496 706 1560 ὑπ’
727 1498 847 1578 αότοῦ,
868 1498 936 1561 ἀλλ’
957 1492 1042 1577 όμως
1065 1497 1143 1563 αότό
1164 1496 1199 1563 τό
1230 1492 1234 1497 ’

106 1592 172 1672 πῦρ
193 1590 248 1653 αἐἰ
269 1589 336 1674 ἔχει
358 1594 427 1678 φοός
458 1593 514 1658 καί
535 1598 641 1679 θέρμη
667 1595 724 1660 καί
750 1597 900 1677 ἐκπέμπει
933 1602 1002 1683 φῶς
1022 1601 1079 1661 καί
1097 1600 1202 1681 θέρμη

106 1689 196 1772 ἡμῖν,
218 1685 301 1755 οῦτοι
326 1695 383 1769 καί
401 1691 461 1775 πρό
487 1698 545 1755 τοῦ
564 1696 839 1779 δημιουργηθῆναι
872 1694 926 1761 τόν
946 1701 1064 1777 κόσμον
1085 1690 1166 1779 ἦσαν
1184 1692 1202 1758 ό

65 1788 198 1873 15λόγος
215 1788 269 1853 καί
289 1788 323 1853 τό
347 1793 494 1874 πνεῦμα,
525 1792 677 1875 ἑνεργεῖαι
709 1798 765 1859 τοῦ
787 1796 866 1858 θεοῦ
887 1799 1033 1880 φυσικαί,
1054 1795 1202 1878 auertit
1248 1854 1261 1872 ,

106 1886 185 1963 θεός
207 1891 283 1976 νοῦς
301 1891 405 1971 ἐστίν,
433 1889 475 1965 uic
503 1895 695 1975 προείρηται.
746 1897 803 1957 καί
829 1899 928 1958 ταῦτα
961 1893 999 1958 τό
1021 1898 1106 1978 τρία,
1126 1898 1200 1969 νοῦς

105 1986 271 2071 λόγοςκαί
292 1992 428 2074 πνεῦμα,
449 1984 494 2065 εἷς
514 1989 589 2065 θεός
603 1994 697 2077 ἐστιν,
715 1989 820 2078 ὥσπερ
842 1992 876 2057 ἐν
896 1997 932 2081 τῇ
950 1995 1012 2080 μιᾷ
1032 1997 1123 2080 ψυχῇ
1144 1998 1201 2060 τοῦ

106 2086 283 2169 όνθριόπου
309 2085 377 2151 ἔστι
398 2090 471 2163 νοῦς
493 2088 548 2152 καί
567 2086 658 2171 λόγος
678 2091 784 2177 νοητὸς
804 2096 860 2156 καί
872 2096 1002 2177 θέλησις
1020 2090 1126 2177 νοητή,
1149 2096 1205 2157 καί
1290 2140 1295 2153 ,

105 2179 192 2267 όμιός
214 2186 313 2259 ταῦτα
337 2183 376 2248 τοὶ
397 2188 468 2270 τριά
491 2187 555 2252 εἰσί
574 2187 635 2269 μιά
660 2187 751 2273 ψυχή
782 2191 861 2255 κατὰ
892 2189 948 2275 την
978 2192 1101 2255 οόσόαν.
1143 2189 1204 2263 πό.

64 2289 158 2349 rotro
182 2279 237 2346 τόν
257 2284 350 2367 λόγον
370 2288 429 2348 τοῦ
441 2289 521 2349 θεοῦ
543 2286 742 2368 όνομόζομεν
761 2291 878 2375 σοφίαν
898 2293 955 2364 τοῦ
976 2294 1056 2353 θεοῦ
1069 2291 1126 2353 καί
1144 2290 1203 2353 dri.

106 2407 214 2464 ναμιν,
235 2382 289 2447 καί
309 2380 381 2449 υἱόν
412 2386 529 2467 ου’τοῦ,
553 2384 636 2452 όιότι
665 2388 736 2453 ἐστι’
754 2391 891 2473 γέννημα
920 2393 976 2473 τῆς
998 2387 1126 2475 φύσεως
1143 2388 1204 2454 uri·

106 2486 173 2567 τοῦ,
195 2477 302 2567 οἵσπερ
326 2482 366 2559 ,τό
385 2489 522 2570 γέννημα
543 2489 599 2572 τῆς
625 2486 755 2574 φόσεως
774 2490 832 2552 τοῦ
852 2486 1025 2573 οἷνθριόπου
1046 2491 1204 2571 καλοῦμεν

181 2617 223 2668 13.
239 2621 330 2690 θέρμη
352 2617 480 2692 primuml
502 2623 610 2692 θέρμην
627 2623 646 2672 Ρ

107 2738 181 2790 ditus
200 2737 234 2788 ab
254 2739 313 2811 ipso
331 2739 446 2791 mundus
474 2748 564 2807 esset3
592 2750 620 2793 et
637 2758 685 2812 per
712 2743 761 2793 has
780 2745 960 2812 proprietates
979 2741 1102 2795 condidit
1123 2761 1203 2796 mun-

99 2809 185 2875 ‘dum3
219 2809 261 2862 his
285 2827 395 2881 quoque
424 2811 556 2878 gubernat
575 2829 646 2863 eum.
682 2812 731 2864 has
750 2823 804 2866 tres
834 2816 1015 2884 proprietates
1033 2816 1203 2866 nominamus

106 2889 163 2932 tres
182 2880 339 2950 hypostases
359 2898 406 2933 seu
427 2898 562 2948 personas.
600 2885 665 2954 quia
684 2900 748 2935 vero
777 2883 829 2935 hae
851 2887 925 2954 ipsae
947 2886 1127 2954 proprietates
1147 2899 1204 2936 uon

106 2952 262 3020 partiuntur
280 2953 385 3003 rrnicam
415 2952 489 3003 illam
511 2960 538 3004 et
555 2953 779 3022 simplicissimam
803 2955 848 3006 dei
875 2956 1035 3018 essentiam,
1054 2953 1117 3006 ideo
1137 2956 1204 3023 ipse,

107 3023 174 3072 licet
193 3023 279 3074 tribue
303 3021 345 3073 his
372 3022 585 3093 proprietatibus
603 3023 759 3092 praeditus,
788 3043 856 3077 unus
875 3025 940 3076 deus
959 3035 1021 3077 est:
1041 3033 1203 3077 nouantem

107 3101 162 3144 tres
184 3092 312 3156 dilaniat,
332 3093 403 3144 sicut
421 3093 530 3163 quidam
547 3093 638 3145 dicere
657 3093 769 3146 audent.

312 3180 446 3232 Hactenus
468 3182 575 3232 tertium
596 3188 685 3250 caput.

192 3265 330 3318 Credimus
357 3285 390 3320 ex
412 3275 508 3319 natura
527 3267 570 3318 dei
596 3269 659 3320 oriri
685 3268 775 3334 logum
801 3283 848 3319 seu
874 3267 985 3319 verbum
1012 3274 1040 3318 et
1070 3266 1203 3336 spiritum,

109 3340 178 3390 sicut
198 3355 231 3388 ex
249 3338 310 3404 igne
329 3339 375 3389 lux
393 3347 421 3389 et
438 3338 562 3390 caliditas
581 3339 679 3390 existit.
708 3346 736 3389 et
754 3336 980 3406 quornadmodum
998 3338 1078 3406 ignis,
1098 3337 1204 3388 etiarnsi

109 3409 178 3460 nihil
201 3408 360 3460 subiiciat'ur
383 3408 457 3477 quod
475 3410 626 3462 illustretur
644 3417 673 3460 et
691 3410 798 3460 calefiat
823 3408 858 3458 ab
882 3410 950 3478 ipso,
969 3417 1059 3460 tamen
1078 3409 1136 3478 ipse
1155 3425 1204 3478 per

110 3499 138 3531 se
159 3495 267 3548 semper
287 3479 369 3530 habel
388 3479 474 3530 lucem
493 3487 521 3530 et
541 3479 723 3542 caliditatem,
744 3477 856 3531 ethaeo
874 3479 953 3530 ambo
975 3479 1074 3529 emittit
1092 3478 1126 3529 ad
1143 3496 1203 3540 nos,

111 3551 207 3602 eodem
227 3549 325 3613 modo,
351 3552 433 3601 etiam
458 3558 602 3621 antequam
622 3551 799 3625 fundamenta
819 3551 913 3602 mundi
941 3550 1107 3610 iacerentur,
1126 3557 1204 3600 erant

110 3622 188 3690 lngus
208 3631 236 3671 et
254 3621 382 3690 spiritus,
400 3621 521 3673 actiones
546 3619 591 3672 dei
618 3621 771 3685 naturales,
800 3613 1019 3690 quandoquidem
1041 3619 1108 3670 deus
1127 3637 1202 3670 mens
1282 3675 1284 3677 ,

110 3700 159 3754 est,
179 3692 249 3742 sicut
268 3699 347 3743 antea
378 3691 546 3743 dictumest.
593 3691 661 3744 haec
679 3693 745 3753 tria,-
760 3709 833 3753 mens
852 3691 929 3758 logus
949 3698 977 3741 sl
994 3691 1113 3759 spiritus,
1132 3708 1202 3740 unus

111 3762 177 3814 deus
197 3769 247 3824 est,
268 3763 338 3812 sicut
368 3761 398 3814 in
417 3780 468 3813 una
487 3761 634 3833 eademque
652 3763 770 3814 hominis
797 3763 886 3814 anima
906 3769 948 3812 est
967 3778 1051 3824 mens,
1071 3770 1112 3813 est
1133 3763 1201 3812 ratio
1219 3816 1223 3827 Ι

110 3841 202 3884 ments
220 3833 380 3895 intellecta,
402 3841 442 3885 est
469 3832 593 3886 voluutas
611 3835 675 3885 item
701 3841 792 3884 mente
809 3841 955 3902 percepta;
974 3841 1002 3884 et
1018 3841 1108 3884 tamen
1125 3832 1202 3894 haec,

111 3919 265 3974 quanquam
296 3905 346 3954 tria
365 3912 448 3966 sunt,
480 3921 531 3955 uua
553 3913 593 3956 est
612 3905 716 3956 ratione
743 3904 877 3955 essentiae
895 3920 959 3954 suae
977 3905 1075 3959 anima.
1113 3919 1203 3953 rursus

111 3976 202 4042 logum
220 3973 266 4026 dei
288 3985 481 4044 “nuncupamus
509 3975 670 4044 sapientiam
689 3974 733 4025 dei
761 3983 790 4026 et
810 3975 958 4042 potentiam
978 3983 1005 4026 et
1027 3975 1152 4024 uirtutem
1176 3981 1204 4023 et

111 4044 275 4106 filiumdei,
303 4047 367 4115 quia
388 4045 508 4114 genitum
536 4045 663 4116 quiddam
683 4053 724 4097 est
741 4063 774 4096 ea
792 4052 888 4096 natura
908 4046 980 4108 eius,
1004 4047 1075 4096 sicut
1093 4043 1202 4113 quoda
1283 4108 1286 4111 Ι

111 4125 209 4170 natura
227 4115 346 4168 hominis
364 4125 517 4186 generatum
536 4125 585 4182 est,
601 4115 717 4169 hominis
736 4131 859 4169 vocamus
873 4116 967 4179 filium,
984 4123 1012 4166 et
1029 4118 1098 4166 sicut
1115 4114 1203 4173 humb,
