2884 4775
353 313 356 316 ,
437 236 815 320 mammarum-a.
864 307 869 311 .
1098 245 1185 334 7257

83 402 139 465 ιἰαί
156 389 264 466 ditiore
285 403 409 468 πολλῶν
425 404 497 471 ’,καί
517 406 708 492 παραδόξων
731 403 870 493 σημείων
890 409 1055 492 φανέντων
1070 406 1186 479 item

82 500 131 566 ἐπ’
152 500 271 578 αότοός
293 501 394 589 φόβος
414 509 470 572 καί
488 504 618 591 τρόμος,
633 512 695 573 κατ’
718 507 898 596 α’φήσαντες
919 507 975 584 τίς
998 509 1123 595 οκηνός,
1144 509 1185 576 τοὶ

82 594 222 685 όίρματσ,
242 599 318 678 τοός
340 608 526 686 βασιλικοός
547 612 732 694 θησαυρούς
758 612 812 674 κατ’
835 607 915 675 oded
938 606 978 674 τὰ
1000 611 1075 697 Cuia,
1095 609 1186 696 ἔτρε-

82 726 158 784 χαν,
183 704 238 766 καί
258 692 349 766 ἄλλοι
377 709 437 786 μὲν
457 704 613 788 έμβαιναν
643 709 688 781 είς
709 705 748 773 τοὶ
775 715 878 794 πλοῖα,
904 704 992 774 ἄλλοι
1018 713 1052 776 δὲ
1076 712 1186 794 έρρίπ·

57 813 167 866 5τοντο
187 805 232 879 εἰς
253 802 310 884 τὴν
330 800 499 872 θόλασσαν
530 812 587 872 καί
606 807 775 894 ἐπνίγοντο,
794 791 962 874 ,πολλοίδὲ
983 813 1037 876 καί
1057 808 1111 876 ὕπ’
1132 811 1187 876 έλ-

82 900 186 986 λήλων
208 903 251 978 αἱς
271 903 331 968 aiud
352 909 509 973 έναντίων
539 910 793 993 κατεσφάγησαν.
838 907 867 974 οἱ
890 913 925 976 δὲ
948 897 1105 986 σωθέντες
1122 904 1187 994 νῆλ-
1251 966 1253 970 ,

82 1006 143 1066 δον
165 1004 211 1080 εἰς
231 1001 268 1070 τοὶ
292 1002 466 1089 Ίωόννινα,
489 1011 639 1092 φέροντες
661 1008 743 1090 ὑπὲρ
768 1009 827 1073 δόο
847 1009 1000 1092 χιλιάδας
1020 1013 1188 1096 πληγωμέ-

82 1127 165 1189 νονς,
184 1103 217 1167 oi'
237 1129 319 1181 τινες
341 1099 745 1190 όλοισχεδόν-δτιέδαναν.

184 1208 254 1271 Καί
280 1207 379 1281 ταῦτα
410 1209 470 1288 μὲν
500 1205 591 1273 τότε·
641 1211 685 1286 εἰς
720 1213 756 1274 δὲ
786 1210 824 1278 τό
851 1195 950 1297 1731,
978 1213 1111 1280 Ἰοολίου
1134 1217 1188 1297 25,
1256 1245 1259 1249 ·

41 1317 74 1371 10
84 1304 187 1394 ἡμέρα
208 1300 357 1396 σαββότφ
380 1305 456 1391 πρὸς
477 1309 512 1373 τό
535 1303 682 1396 ἑσπέρας,
703 1305 802 1395 ἦλθεν
826 1317 871 1390 εἰς
894 1314 934 1380 τοὶ
956 1301 1115 1382 ’triduove
1138 1323 1188 1381 λε.

83 1407 212 1489 γόμενός
232 1431 277 1482 τις
310 1405 381 1484 οἰός
409 1412 468 1473 τοῦ
499 1409 639 1475 σοολτάν
663 1412 802 1496 Ἀχμέτη
837 1413 892 1480 καί
925 1416 1097 1501 ἐξάδελφος
1131 1420 1189 1481 τοῦ

83 1506 221 1572 σσολτάν
242 1505 419 1594 Μοορότφ,
442 1503 477 1586 ός
497 1535 543 1587 τις
566 1514 705 1598 διέτριβε
727 1517 804 1598 περί
822 1538 883 1578 που
902 1516 1093 1581 εἰκοσιπέντε
1109 1519 1189 1602 χρό-

85 1631 157 1684 νους
180 1611 226 1683 εἰς
245 1608 302 1693 τήν
320 1601 458 1677 Ἰταλίαν
474 1609 556 1693 μετό
580 1617 633 1696 τῆς
664 1615 784 1699 μητρὸς
806 1615 917 1680 αὑτοῦ.
960 1611 1051 1702 oden,
1073 1617 1116 1694 ὦς
1137 1621 1189 1682 λέ-

82 1731 182 1793 γεται,
202 1700 276 1792 ἦτον
296 1711 327 1774 Γ
324 1712 465 1792 ενοβαία,
491 1711 596 1794 ὡραία
616 1715 661 1788 εἰς
676 1711 857 1800 ὑπερβολήν
877 1718 933 1780 καί
945 1722 1088 1800 χαρίτων
1108 1715 1188 1802 πλὴ.

42 1824 150 1894 15ρης.
194 1807 271 1874 ἰδών
300 1812 336 1873 δὲ
365 1811 465 1895 αὐτὴν
487 1807 504 1874 ὅ
528 1813 697 1888 σοπλτοὶνος
724 1813 884 1900 είςέρωτοι
910 1806 999 1898 ἦλθε,
1022 1819 1077 1880 καί
1098 1821 1189 1900 ἐγέν-

83 1933 176 1996 νησεν
196 1909 251 1973 αἴτι’
272 1908 374 1994 αὐτὴν
398 1909 484 1993 οἷόν,
517 1909 573 1977 τόν
595 1913 704 1979 όποΐον
725 1914 823 1996 Σελίμ
845 1915 1010 1998 ω’νόμασε,
1033 1918 1188 2004 κρυφίως.

84 2012 138 2075 καί
156 2009 175 2096 ἦ
197 2014 257 2093 μὲν
283 2012 361 2095 γονὴ
400 2006 494 2096 ἤθελε
518 2014 558 2079 νά
579 2017 705 2102 εἰσέλθῃ
740 2017 785 2092 εἰς
813 2016 851 2081 τοὶ
877 2020 1042 2099 βασίλεια,
1067 2021 1124 2083 καί
1143 2021 1190 2094 εἰς
1233 2095 1239 2102 ³

83 2115 174 2176 τοῦτο
193 2113 344 2187 πολλάκις
374 2110 430 2177 τόν
457 2117 592 2198 βασιλέα
611 2111 754 2195 έβίαζεν·
809 2118 925 2190 ἐκεῖνος
946 2111 1032 2197 ὅμως
1051 2121 1189 2184 στέλλων

83 2212 161 2294 πρὸς
183 2211 284 2296 αὐτὴν
300 2211 569 2300 δῶραπλοόσια,
593 2214 650 2299 τὴν
679 2213 876 2300 παρήγγελλε
907 2217 1037 2282 πάντοτε
1061 2218 1098 2282 vd
1125 2244 1189 2304 φο-

40 2305 182 2401 λθλόττγ
206 2310 238 2378 τό
260 2312 427 2396 γενόμενον
446 2317 620 2396 μυστικόν·
662 2319 717 2380 καί
740 2313 816 2380 όταν
837 2315 873 2380 τὸ
898 2321 1024 2381 παιδίον
1045 2315 1188 2405 ἔφθασεν

85 2414 130 2491 εἰς
152 2411 205 2479 τὸν
226 2416 405 2478 δωδέκατον
422 2417 477 2498 τῆς
498 2413 622 2498 ἡλικίας
639 2414 767 2500 χρόνον,
786 2413 845 2500 τῆν
869 2414 987 2481 έδωσεν
1007 2420 1062 2482 ἕνα
1084 2413 1190 2499 μιλιό.
1245 2477 1248 2481 ,

85 2535 153 2579 νιον
177 2518 313 2600 φλωρία,
334 2519 389 2581 καί
408 2518 453 2591 εἰς
469 2513 524 2600 τίγν
543 2519 679 2601 πατρίδα
700 2541 754 2602 της
775 2516 813 2581 ντὶ
837 2520 1011 2605 ἐπιστρέψῃ
1030 2516 1189 2600 perorari

87 2813 175 2860 terror
195 2812 223 2857 at
242 2802 388 2877 trepidatio
408 2821 455 2857 eoa
473 2806 588 2869 iurarit,
616 2812 644 2857 at
663 2802 765 2856 relictis
785 2804 911 2857 tentoriis
931 2811 958 2855 at
976 2800 1058 2855 carris
1078 2811 1106 2857 et
1124 2803 1187 2857 the·

77 2878 172 2931 aauria
193 2877 274 2946 ragita
295 2886 323 2929 et
340 2876 502 2929 animalibus
521 2877 587 2947 ipris
608 2876 782 2943 aufugerant,
803 2876 897 2927 etalii
918 2876 1023 2942 navigia
1042 2876 1187 2939 intrarunt,

87 2951 133 3001 aiii
153 2950 182 3000 in
200 2965 273 2999 mare
291 2965 320 3001 ae
340 2950 546 3019 proripuerunt,
573 2946 735 3016 etudemerai
757 2954 836 3009 auat,
859 2945 939 2996 multi
969 2946 1051 2995 etiam
1073 2946 1188 3003 invicem

87 3030 117 3073 ut
136 3019 170 3071 ab
188 3018 314 3071 hortibua
333 3019 469 3071 interiecti
500 3026 571 3071 suut.
608 3019 656 3086 qui
683 3022 774 3067 autem
802 3016 1002 3077 anatemati,
1028 3017 1189 3069 Ioonuiuam

85 3099 222 3144 venerunt
250 3099 278 3144 et
296 3090 467 3143 adduxerunt
491 3090 582 3159 plures
610 3105 690 3158 quam
717 3084 772 3139 duo
795 3088 871 3136 mitia
898 3087 1115 3149 vulneratorum,
1140 3087 1189 3157 qui

86 3180 180 3215 omues
200 3163 255 3213 fere
274 3163 373 3213 mortui
393 3169 463 3211 aaut.

187 3235 274 3301 Atque
294 3232 362 3283 haee
383 3230 493 3301 quidem
512 3240 570 3283 tum
592 3231 660 3282 sacta
682 3238 753 3281 aunt.
791 3245 862 3280 auno
883 3236 973 3281 autem
994 3228 1070 3291 1731,
1089 3229 1188 3282 menaia
1251 3279 1256 3287 ,

86 3302 148 3353 iulii
169 3303 214 3354 die
234 3304 286 3367 25,
307 3303 461 3373 vespertina
481 3302 547 3354 hora
567 3302 621 3353 diei
644 3301 767 3365 rabbuti,
788 3301 944 3353 ioauuiuam
973 3302 1083 3370 quidam
1105 3302 1190 3364 veuit,

86 3374 134 3444 qui
146 3375 230 3425 ·fiiiaa
250 3391 308 3426 ease
326 3375 432 3425 Suitaui
446 3373 581 3425 Achmetia
603 3373 744 3425 dicebatur
764 3381 792 3424 et
810 3373 940 3442 patruelia
953 3371 1188 3434 SuitouiMuroti,

87 3446 134 3514 qui
160 3446 270 3517 quidem
297 3446 365 3496 cirea
384 3445 419 3496 25
440 3462 526 3497 auuoa
552 3445 580 3496 iu
607 3444 684 3495 Italia
710 3462 769 3495 cum
788 3452 872 3496 matre
901 3461 948 3497 aua
973 3452 1094 3511 moratur
1123 3451 1188 3495 arat.

87 3516 156 3567 haec
175 3517 274 3569 dicitur
302 3516 386 3568 δαίετο
407 3516 576 3577 Geuueuaia,
604 3515 719 3584 pulchra
746 3516 843 3567 eximie
871 3523 899 3565 et
930 3514 1071 3581 gratiarum
1096 3515 1187 3583 plena,

86 3602 167 3657 quam
196 3586 305 3658 quidem
328 3605 386 3638 cum
406 3587 520 3639 vidisset
533 3586 664 3648 ruitantia,
685 3603 774 3638 amore
789 3595 883 3655 eaptus
905 3594 954 3649 eat,
974 3594 1001 3637 et
1011 3602 1042 3636 ea
1055 3602 1087 3636 aa
1102 3586 1188 3643 filium

88 3658 179 3708 furtim
201 3659 354 3727 generavit,
379 3675 459 3727 quem
483 3658 612 3710 Seiimum
641 3659 757 3709 vocavit.
795 3658 894 3708 mulier
921 3657 1004 3725 igitur
1032 3657 1061 3707 in
1089 3658 1187 3725 regiam

86 3726 195 3779 domum
214 3730 309 3780 venire
328 3729 424 3791 voluit,
446 3736 474 3781 et
490 3727 560 3781 hooc
579 3728 615 3781 ob
636 3746 690 3779 rem
705 3745 799 3796 regem
819 3745 899 3797 saepe
922 3726 1051 3795 urgebat,
1071 3728 1119 3779 iile
1145 3738 1188 3778 ta-

86 3816 149 3851 meu
172 3800 258 3851 missia
285 3800 364 3851 donia
393 3801 519 3869 pratioaia
547 3816 604 3851 eam
635 3801 745 3851 omuino
778 3801 856 3850 iuaait
884 3814 988 3849 servare
1021 3800 1186 3865 mysterium,

85 3887 201 3942 cumque
223 3887 291 3941 puer
311 3870 500 3922 duodecimum
523 3880 595 3923 earet
613 3872 707 3922 aetatis
729 3887 828 3921 aunum
848 3871 991 3936 ingressus,
1012 3870 1119 3931 mulieri
1138 3867 1186 3919 de·

85 3942 127 3993 dit
146 3958 291 3994 aureorum
311 3941 400 3993 decies
420 3949 534 3994 centeno
553 3943 628 3993 milia
650 3935 758 4010 eomas
781 3941 860 3991 iussit
880 3957 939 3990 cum
955 3939 1013 3991 filio
1030 3942 1058 3989 in
1072 3941 1186 4008 patriam

84 4014 192 4065 reverti.
233 4013 340 4065 iurauit
367 4019 472 4076 autem,
499 4030 560 4065 cum
585 4022 655 4065 earet
682 4020 827 4081 nugacitate
852 4019 880 4061 et
904 4011 1012 4077 ingenio
1038 4010 1186 4079 praeditur,

86 4101 193 4136 omnem
213 4085 403 4138 educationem
423 4084 565 4137 liberalem
585 4084 704 4155 recepit,
732 4092 760 4135 et
785 4083 819 4134 ab
840 4083 888 4144 iia,
913 4084 960 4153 qui
986 4081 1025 4131 ibi
1055 4088 1132 4133 erant
1158 4082 1186 4134 in

85 4163 350 4229 patremmeum,
370 4155 424 4211 dua
445 4164 628 4213 trecentorum
647 4154 763 4211 militum
782 4162 889 4209 creatur
908 4160 966 4209 erte
994 4151 1042 4207 aed
1061 4160 1183 4226 tempora

144 4262 293 4347 Εγδτοιλοο.
960 4266 992 4325 17
