2884 4775
254 205 321 289 ιο,
709 210 903 275 msroum
1210 203 1213 214 ¹
1322 241 1335 275 ι

250 358 351 425 αύτὸν
373 353 605 442 addicendum*
626 357 786 440 κυριεύσει
808 361 932 432 ἐκεῖνος.
978 352 1140 421 άπέκτεινε
1162 358 1265 421 δὲκαὶ
1285 349 1343 420 άλ-

250 467 323 534 λους
346 457 481 534 πολλούς
502 461 691 540 μεγιστᾶνας
722 460 776 521 καί
806 457 928 539 κριτάς,
963 454 1014 521 τὸν
1042 456 1266 540 Δεκανίκογχη,
1289 456 1343 521 τὸν

248 561 281 621 Γ
279 562 510 621 ιανουσποσιάν
524 558 577 620 καί
590 550 704 630 ἄλλους
724 554 861 630 ἱκανούς.
905 558 1036 620 διέκειτο
1051 558 1087 619 δὲ
1106 555 1186 635 πρὸς
1204 554 1239 618 τύ
1265 553 1342 639 ῆμὲ·

249 678 339 738 τερον
361 657 446 737 γένος
467 659 582 736 καλῶς,
603 658 659 718 καί
679 658 793 744 η’νὲηιξε
808 655 862 719 καί
881 652 976 729 ναούς
996 650 1262 741 ἦμετέρους,·ούς
1282 678 1340 740 περ
1372 734 1380 749 ι

248 756 430 820 ἀπέκλεισεν
453 753 469 817 ὃ
491 752 595 836 πατήρ
618 754 731 819 adreci.
1207 778 1211 784 ’
1351 768 1369 821 5

202 866 237 917 41
352 856 396 917 Ἐν
426 853 516 942 ὀλίγην
545 855 581 917 δὲ
610 853 776 935 στρατεύει
802 851 881 914 κατά
913 854 968 934 τῆς
999 853 1147 935 Περσίας
1174 854 1237 916 τοῦ,
1269 851 1342 936 Σάχ

242 953 381 1036 Ἰομαὴλ,
401 948 436 1030 ὃς
458 946 497 1038 ἢν
517 950 586 1029 υἱὸς
600 954 727 1034 Χαϊτάρ
742 957 797 1016 καί
812 945 901 1028 οὗτος
921 956 980 1017 τού
992 953 1156 1035 τζουνεπῆ,
1177 954 1213 1017 ἐκ
1231 957 1342 1035 γένους

244 1051 452 1136 καταγόμενοι
471 1059 528 1118 τού
546 1048 634 1134 ’Λλῆ,
656 1048 691 1127 ὃς
713 1044 751 1135 ἦν
773 1055 824 1117 ἐπ’
844 1054 967 1140 ἀδελφῇ
991 1050 1135 1135 γαμβρὸς
1154 1054 1212 1117 τού
1232 1053 1339 1118 Μονά-

221 1146 318 1232 Ιμεθ.
361 1146 442 1235 ἦσαν
463 1156 498 1217 δὲ
523 1156 673 1233 antiades,
697 1150 820 1235 ἔχοντες
845 1155 937 1216 Τεκὲν
960 1151 1015 1215 καί
1032 1152 1138 1234 χωρία
1161 1150 1260 1224 πολλά
1283 1151 1339 1217 καί

243 1252 322 1316 λαὸν
344 1251 452 1317 πολύυ·
494 1250 510 1317 ὃ
531 1254 656 1328 πάππος
679 1256 714 1317 δὲ
734 1248 833 1317 αύτού
853 1246 892 1337 ἤν
914 1248 949 1326 ὃς
970 1250 1108 1334 ἐπάτησε
1129 1251 1187 1332 την
1212 1257 1335 1335 Τραπι-
1347 1262 1380 1313 10

190 1412 196 1425 ,
245 1350 437 1430 Coniurandi
468 1352 567 1416 πολλά
596 1353 828 1438 ᾐχμαλώτισεν.
881 1348 958 1415 ὅθεν
981 1356 1122 1435 κινηθείς
1154 1346 1170 1413 ὅ
1200 1350 1336 1417 σονλτάν

243 1454 443 1535 Μεχεμέτης,
465 1455 520 1515 καί
540 1451 635 1517 εἰπάν
664 1446 711 1516 ὅτι
741 1451 798 1517 ε’άν
820 1456 937 1526 ἐκεῖνος
963 1453 1093 1516 τοιαῦτα
1113 1453 1253 1535 ε’ποιήσε,
1277 1450 1336 1515 πύ-

243 1542 299 1613 οον
322 1553 415 1613 πλέον
438 1551 558 1636 ποιησει
583 1551 698 1632 artata,
721 1554 909 1634 ἐστράτευσε
928 1550 1007 1616 sard
1026 1553 1261 1634 Τραπεζοῦντος
1281 1557 1337 1617 καί

244 1646 417 1715 ἐδούλωσεν
440 1653 548 1736 αύτην.
578 1647 627 1716 ὅτε
648 1651 703 1715 καί
724 1650 907 1716 σκανδάλων
937 1652 1059 1715 πολλῶν
1081 1654 1137 1714 καί
1156 1653 1335 1716 α’καταστα·

243 1752 320 1813 σιῶν
349 1755 520 1832 γενομένων
541 1756 573 1819 ἐν
596 1753 742 1838 Περσίᾳ,
777 1748 926 1832 ἔπεμψαν
947 1751 997 1815 ἳνα
1018 1749 1097 1839 ἔλθη
1120 1776 1166 1826 τις
1187 1753 1335 1832 Ἐμυρζὲς
1346 1761 1379 1812 15

243 1846 406 1930 λεγόμενος
428 1856 482 1915 καί
500 1851 652 1936 κυριεύσῃ
674 1854 834 1936 Περσίας,
864 1848 884 1914 ά
905 1853 963 1914 ουίι
982 1854 1114 1934 ἐγένετο.
1162 1851 1286 1931 μαθων
1299 1854 1336 1915 δὲ

243 1946 260 2008 ὁ
285 1944 356 2029 Σάχ
376 1949 536 2033 Ἰσμαῗλης
567 1951 623 2024 τάς
656 1951 804 2025 τοιαύτας
840 1949 1076 2025 άκαταστασίας
1094 1955 1150 2014 καί
1168 1949 1336 2035 α’ναρχίας,

241 2045 434 2132 είσπηιλησας
456 2046 550 2130 ἔλαβε
584 2049 642 2132 τὴν
663 2048 769 2133 ἀρχὴν
791 2051 887 2113 κόπου
901 2042 1020 2132 ’χωρίς
1072 2049 1194 2134 ύπῆρχε
1214 2054 1249 2114 δὲ
1273 2051 1334 2113 ad·

242 2143 296 2219 τύς
320 2150 354 2208 ἑκ
375 2152 485 2228 γένους
506 2148 623 2213 ἐκείνου
645 2152 679 2213 ἐκ
699 2153 756 2233 τῆς
776 2155 837 2215 τού
860 2149 985 2227 Ούζούν
1008 2146 1144 2231 Χασάνη
1164 2149 1335 2232 θυγατρός.

241 2243 404 2327 ἐκυρίευσε
434 2249 470 2310 δὲ
494 2248 594 2312 πάντα
617 2248 711 2312 τόπον
737 2252 793 2313 καί
817 2250 927 2331 χάραν
946 2247 1004 2322 ἕως
1024 2251 1227 2330 Βαβυλῶνος,
1249 2252 1376 2322 Euo-20

239 2348 324 2424 θίας,
346 2344 493 2422 Κασπίας
514 2350 678 2434 θαλάσσης
699 2352 755 2414 καί
772 2352 870 2435 μέχρι
891 2350 1040 2414 ω’κεανού.
1082 2341 1205 2434 ηύξηθη
1226 2350 1262 2414 δὲ
1280 2348 1332 2415 τά-

1437 2558 1438 2591 ι

238 2649 409 2718 Mustapbsm
423 2649 536 2711 bassam,
555 2659 665 2719 propter
679 2650 787 2702 fratrem
799 2650 971 2703 dclrumatam
981 2652 1143 2714 inimicatus,
1163 2651 1236 2722 quod
1255 2651 1328 2704 hunc
1437 2674 1438 2723 η

145 2737 151 2746 ·
238 2721 286 2771 iiie
308 2737 484 2772 successorem
506 2723 533 2771 in
554 2737 633 2787 reguo
653 2729 680 2772 et
701 2723 841 2774 dominum
862 2722 1034 2792 relinquendi
1054 2739 1147 2773 srrasor
1165 2723 1236 2792 patri
1256 2724 1326 2772 fuis·
1437 2740 1438 2783 ι

238 2797 287 2842 set.
309 2792 445 2843 interfecit
466 2801 494 2843 et
515 2793 664 2859 complures
690 2793 759 2844 aiios
780 2809 902 2861 proceres
921 2803 949 2844 et
967 2793 1079 2854 iudices,
1093 2793 1324 2854 Decacinouchen,
1437 2788 1438 2865 i

237 2862 353 2912 Gisnum
387 2863 507 2926 bassam,
530 2863 596 2913 alios
624 2865 687 2914 satis
711 2866 818 2916 multos.
856 2872 884 2915 at
911 2864 980 2915 bene
1000 2880 1061 2931 erga
1077 2874 1194 2916 nostram
1216 2872 1324 2932 gentem
1437 2882 1438 2919 ι

236 2934 368 2984 παλαιαῖσι
388 2942 453 2995 erat,
470 2935 602 2985 nonnulla
630 2934 707 2986 nobis
737 2932 898 3006 templorum
925 2944 1079 2986 nostrorum
1098 2937 1231 3006 aperiens,
1254 2953 1325 3006 quae

234 3013 312 3073 pater
333 3006 389 3055 eius
411 3008 500 3056 clausa
520 3015 651 3057 tenuerat.
1000 3014 1004 3020 “

305 3093 391 3143 Paoco
409 3095 550 3144 interiecto
573 3102 692 3161 tempore
711 3092 913 3162 expeditionem
933 3093 963 3143 in
981 3093 1072 3144 Persas
1093 3093 1213 3160 suscipit,
1233 3108 1323 3158 regem

210 3183 213 3190 ·
232 3159 372 3214 ismaelem
392 3174 494 3232 petens,
516 3165 601 3215 filium
621 3164 769 3226 Chaitaris,
788 3166 912 3234 Zonepae
932 3172 1078 3231 nepotem,
1100 3164 1180 3229 ionga
1201 3162 1270 3212 serie
1288 3180 1322 3212 ex

232 3250 330 3301 genere
349 3236 390 3284 Ali
410 3235 634 3296 descendentem,
658 3237 705 3304 qui
726 3236 788 3286 Aius
807 3252 925 3286 sororem
952 3233 1070 3285 doctoris
1090 3235 1275 3285 Machametae
1292 3235 1323 3284 in

231 3303 571 3356 matrimoniolhabuerar.
619 3313 695 3355 erant
719 3308 786 3356 sacri
814 3307 965 3367 antistites,
988 3307 1122 3356 Teceaam
1149 3313 1273 3357 tenentes
1293 3313 1322 3354 et

229 3375 289 3425 loca
307 3375 390 3426 muita
412 3377 496 3425 molto
515 3393 573 3425 curn
591 3377 703 3445 popolo.
733 3393 806 3441 *avus
825 3379 882 3426 eius
904 3377 991 3426 furerat
1009 3377 1031 3426 is
1049 3376 1095 3444 qui
1115 3378 1142 3426 in
1160 3377 1319 3442 Trapezon-

229 3446 297 3496 tium
317 3463 409 3513 agrum
429 3447 577 3512 irruperat,
603 3447 694 3496 multis
713 3447 826 3514 captivis
846 3444 978 3498 abductis.
1015 3464 1069 3516 quo
1095 3448 1153 3496 eius
1174 3446 1245 3496 sacto
1263 3447 1320 3496 sul·

230 3525 310 3568 tanus
330 3515 497 3567 Mechrmeta
517 3523 606 3567 motus
631 3517 699 3568 dixit
718 3526 735 3550 ‘⁶
755 3518 776 3565 si
807 3516 853 3567 iile
874 3519 939 3568 talia
958 3517 1031 3579 fecit,
1052 3525 1153 3585 quanto
1174 3517 1256 3584 magis
1276 3516 1321 3565 sa-

228 3588 295 3637 ciam
316 3587 401 3654 ego?''
437 3590 530 3658 itaque
548 3596 641 3639 contra
661 3587 858 3656 Trapezuntem
887 3590 1004 3639 exercitu
1034 3587 1114 3638 ducto
1135 3587 1203 3638 hanc
1224 3587 1319 3637 urbem

226 3658 255 3707 in
276 3660 432 3710 servitutem
454 3659 565 3726 redegit.
614 3676 649 3712 eo.
667 3666 789 3726 tempore
817 3659 934 3709 dissidiis
954 3668 981 3710 et
999 3657 1204 3724 perturbatione
1225 3659 1318 3708 meriti-

223 3728 290 3795 piici
319 3731 347 3779 in
375 3731 461 3780 Persia
483 3730 640 3782 laboratum.
689 3730 752 3780 ideo
782 3729 889 3798 quidam
918 3731 961 3780 cui
986 3730 1112 3794 Emyrzae
1132 3747 1232 3780 nomen
1250 3737 1317 3788 erat,

223 3802 366 3850 accersitus
397 3800 430 3851 ad
458 3801 638 3868 occupandam
667 3802 694 3852 id
716 3818 825 3866 regnum
845 3799 913 3861 fuit,
932 3800 1006 3870 quod
1027 3809 1117 3851 tamen
1140 3801 1240 3852 factum
1259 3815 1317 3850 non

222 3878 270 3919 est.
308 3887 360 3940 qua
380 3873 539 3922 corisusione
561 3889 657 3934 rerum,
678 3870 750 3942 quod
774 3871 864 3922 noiius
883 3879 1019 3938 praeesset
1045 3873 1223 3937 magistratus,
1246 3869 1315 3920 Sach

219 3941 316 3990 ismael
335 3945 440 4010 cognita
466 3945 524 4010 ipse
554 3961 581 3993 se
600 3944 712 4002 intulit,
741 3959 904 4011 regnumque
930 3944 997 3992 citra
1026 3942 1146 3993 laborem
1180 3941 1313 4008 obtinuit.

220 4020 295 4061 ortus
314 4021 372 4062 erat
391 4014 462 4081 regio
483 4029 590 4081 genere,
608 4014 786 4064 Uzrrncasauis
807 4013 861 4062 fitia
882 4021 968 4063 natus.
1007 4030 1099 4064 omnes
1121 4031 1201 4080 porro
1223 4012 1310 4078 regio·

217 4098 267 4132 nes
287 4093 313 4134 et
334 4086 456 4138 civitates
477 4101 563 4154 usque
584 4084 755 4150 Babylonem,
776 4083 919 4150 Scythiam,
937 4085 1063 4153 Caspium
1085 4101 1156 4136 mare
1176 4093 1203 4135 et
1223 4084 1315 4135 Ocea·
