2884 4775
265 210 315 291 te
376 212 380 221 ’
707 221 904 289 ursanum

265 371 390 459 ἔφθασε
403 374 457 436 καί
468 374 514 446 εἰς
534 367 573 435 τό
597 373 654 437 τοῦ
669 369 842 437 σουλτόνου
862 372 1045 455 Ἀγαρηνών
1060 362 1134 451 ultor,
1156 369 1210 435 rol
1230 367 1356 452 ἔπεμψε

264 476 319 535 καί
339 474 470 555 η’ξόώσεν
492 469 588 534 αότόν
608 474 661 534 ἵνα
683 468 851 555 ποιήσηται
874 468 1020 553 ἐξήγησιν
1034 473 1080 544 εἰς
1100 470 1133 534 τό
1159 466 1249 551 ἅγιον
1271 470 1355 551 σόμ-

262 576 356 651 βολον
376 573 432 653 τῆς
467 573 600 643 αι’στεονς
625 574 687 641 τών
710 572 910 666 Χριστιανῶν
937 568 993 632 καί
1012 570 1097 655 δώσῃ
1120 571 1206 655 αὐτῷ
1226 567 1354 653 ταύτην.

261 670 471 755 ποιησάμενος
499 662 557 745 σόν
586 669 641 751 τὴν
668 667 813 753 ἐξήγησιν
843 671 903 731 τοῦ
936 668 1098 750 συμβόλου
1119 668 1354 750 α’νυττοστόλισς,

260 768 513 851 θεολογικώτατα
535 768 590 833 καὶ
610 771 781 855 σοφώτατα
794 771 995 849 συνθέμενος,
1016 766 1105 845 ώςὲν
1125 775 1249 846 πολλοῖς
1272 772 1379 854 σαί-5

259 874 357 947 νεται,
378 872 513 934 δέδωκεν
533 873 626 957 αὐτῷ.
670 873 726 933 καί
743 871 1049 965 μεταγλωτιόσαντες
1074 864 1174 932 ιιώντα
1195 873 1299 947 καλώς
1319 874 1354 936 ἑν

259 965 401 1049 Ἀράβων
419 967 554 1055 γλώσσῃ,
577 970 696 1051 α’νὲγνια
728 965 805 1031 κατὰ
829 964 993 1050 ἀκρίβειαν
1012 971 1068 1031 καί
1087 973 1264 1049 χαριέντως
1282 971 1352 1035 ἐδό-

188 1142 191 1147 ,
257 1090 333 1150 χετα
355 1072 410 1134 καί
429 1071 581 1149 εόλαβώς,
603 1064 857 1150 ἀναγκαζόμενος
875 1068 921 1141 εἰς
941 1068 1043 1131 ταῦτα
1064 1068 1150 1152 παρό
1170 1075 1353 1135 τινώννέαιν

259 1162 359 1233 όντων
380 1166 425 1233 ἔτι
448 1172 651 1251 Χριστιανῶν
683 1165 776 1232 ἔνδον
804 1168 857 1249 τῆς
887 1166 987 1250 αόλῆς
1013 1166 1071 1231 rori
1100 1173 1256 1233 natanto
1288 1172 1352 1233 αό-

258 1271 353 1348 τυό,
375 1273 429 1333 καί
467 1270 586 1348 μᾶλλον
629 1265 716 1351 παραὶ
753 1269 812 1330 τοῦ
849 1261 924 1329 υἱοῦ
959 1270 1019 1329 τοῦ
1055 1267 1275 1353 Ἀμυροότζη,
1315 1266 1395 1345 δςιο

257 1367 300 1443 ώς
323 1362 363 1453 ἦν
382 1368 569 1452 λογιώτατος
591 1370 637 1443 εἰς
657 1365 693 1430 τό
712 1362 899 1449 Ἑλληνικόν,
922 1360 1023 1440 crisme
1036 1368 1155 1447 ἐγένετο
1178 1367 1232 1431 καὶ
1250 1369 1295 1443 εἰς
1315 1367 1350 1433 τὸ

251 1466 432 1552 Ἀραβινόα
475 1463 563 1541 όστις
584 1468 639 1529 καί
660 1460 810 1543 ἀξιωθείς
840 1466 927 1548 παρὰ
951 1469 1010 1529 rori
1030 1466 1204 1532 σουλτόνου
1227 1465 1350 1555 όρισμρῖ

254 1556 368 1632 τούτου
390 1562 616 1649 μετεγλώττισε
625 1571 735 1647 βιβλία
749 1563 849 1629 πολλὰ
867 1569 901 1627 ιἰι
921 1568 982 1631 τών
997 1566 1157 1648 ἡμετέρων
1177 1565 1233 1630 καί
1245 1568 1348 1631 πάντα

253 1664 291 1729 τό
312 1674 516 1749 γραμματεῖα
544 1669 600 1731 καί
621 1664 696 1741 νοός
718 1663 853 1740 κώδικας
883 1661 957 1740 roric
985 1664 1168 1748 βασιλικοός
1190 1665 1246 1729 καί
1267 1659 1348 1729 ἄλλα

250 1763 394 1849 χρειώδη
432 1767 488 1829 καί
522 1763 621 1831 πολλοὶ
650 1768 727 1848 περί
762 1768 903 1839 ιτιλττεως.
955 1762 972 1827 ό
1000 1768 1171 1840 σουλτόνος
1188 1762 1263 1848 ’γὰρ
1290 1766 1391 1845 orie15

250 1864 386 1929 όιιαόετο
416 1862 560 1947 ἐρωτῶν,
589 1868 708 1946 μαθεῖν
737 1862 794 1927 όεό
817 1888 848 1928 τι
877 1862 932 1928 καί
946 1868 1158 1947 ’πιστωθῆναι
1169 1863 1260 1960 ριερό
1292 1869 1348 1950 τῆς

252 1968 460 2047 Χριστιανών
490 1960 623 2040 αι’στεως
653 1963 855 2046 βουλόμενος.
908 1963 979 2029 ἀλλ’
1000 1962 1094 2029 οόδὲν
1115 1967 1259 2047 ἐγένετο·
1302 1970 1348 2041 εἰς

249 2062 309 2148 γοὶρ
333 2065 490 2127 α’συνότου
511 2065 645 2147 καρδίαν
665 2064 743 2139 θεός
762 2064 819 2126 ουίι
840 2064 1062 2129 εἰσελεόσειαι.

336 2162 429 2227 Mart
453 2166 517 2227 τών
536 2155 639 2227 ἄλλων
663 2154 719 2227 οὖν
741 2154 786 2226 alr
810 2157 920 2246 ἠρώτα
941 2162 997 2228 καί
1015 2161 1204 2244 ἐμάνθανεν,
1229 2154 1345 2245 ἤκουσε

251 2258 308 2326 καί
326 2266 400 2341 περὶ
418 2263 475 2325 rori
511 2263 706 2346 όφορισμυῦ,
739 2255 789 2325 ότι
821 2260 858 2324 δν
878 2253 918 2324 όν
940 2258 969 2324 οἱ
993 2262 1156 2343 ἀρχιερεῖς
1174 2265 1229 2325 καί
1248 2259 1387 2345 ἱερεῖςλο

250 2364 312 2426 τών
343 2362 546 2444 Χριστιανών
577 2354 777 2447 όφορόσοισιν
805 2354 967 2442 εόλόγώς,
997 2355 1046 2426 ὅτε
1073 2384 1122 2438 τις
1151 2358 1287 2449 α’δικήσῃ
1322 2354 1343 2445 ἢ

250 2462 378 2548 πταίσῃ,
400 2459 441 2523 ου’
463 2460 627 2526 διαλύεται
660 2465 693 2526 όν
720 2466 760 2550 τῇ
779 2466 836 2550 γῇ,
859 2460 940 2526 ἄλλό
960 2465 1047 2544 με’νει
1067 2459 1099 2526 τό
1124 2464 1217 2543 σώμα
1241 2455 1344 2526 advari

248 2735 289 2770 res
308 2719 388 2770 etiarn
407 2718 522 2786 Agnrenl
542 2695 790 2790 regls'perrenerit.
825 2721 939 2772 accitum
967 2721 1059 2789 itaque
1079 2720 1189 2787 rogavit,
1209 2717 1340 2769 scriberet

250 2791 458 2860 explicationem
477 2791 502 2841 S.
525 2792 639 2857 symboli
658 2791 720 2842 fidei
734 2792 912 2854 Christianae,
929 2792 1039 2861 sibique
1054 2790 1138 2841 daret.
1176 2791 1267 2856 paruit
1284 2789 1339 2851 bic,

247 2863 438 2912 commentario
452 2878 510 2912 cnm
526 2863 597 2912 omni
612 2863 739 2913 libertate
753 2879 768 2912 e
787 2880 859 2914 sacra
872 2862 1061 2929 theologorum
1074 2861 1217 2930 disciplina
1235 2862 1338 2928 optimc

246 2950 273 2984 aa
295 2933 501 3001 lentissimeqne
530 2932 670 2995 consect03
696 2935 766 2985 sicut
785 2952 825 2985 res
849 2935 910 3002 ipsa
937 2934 964 2982 in
986 2933 1078 2983 multis
1097 2932 1234 3000 loquitur3
1254 2940 1338 3001 atque

245 2951 351 3052 sultano
372 3000 480 3052 obtulit.
518 3018 597 3069 quem
623 3004 719 3055 librum
738 3022 786 3073 per
803 3007 894 3055 omnia
919 3003 989 3054 bene
1006 3005 1033 3053 in
1054 3002 1194 3054 Arabicam
1216 3002 1338 3068 linguam

245 3088 399 3123 conversum
421 3073 477 3140 ipse
490 3070 636 3142 diligenter
655 3076 729 3142 legit,
749 3078 897 3127 clementer
913 3076 1047 3142 accipiens
1067 3082 1095 3125 ct
1113 3081 1284 3137 reverenter3
1302 3073 1337 3122 ad

245 3143 273 3193 id
293 3141 446 3194 faciendum
474 3159 533 3193 cum
553 3145 587 3195 ab
605 3146 712 3216 aliquot
731 3147 824 3215 palatii
850 3147 891 3196 sui
918 3146 1011 3195 aulicis
1033 3144 1175 3196 iuvenibus
1194 3142 1337 3210 (Christia-

244 3231 295 3264 nae
312 3214 383 3263 enim
406 3211 494 3262 adhuc
512 3213 549 3263 ibi
580 3218 716 3284 religionis
740 3216 866 3268 nonnulli
885 3218 972 3286 erant)
993 3215 1115 3277 adactus,
1134 3223 1191 3266 tum
1211 3214 1336 3282 inprimis

244 3301 260 3333 s
280 3283 337 3333 filio
358 3286 526 3345 Amerutzue,
544 3286 590 3352 qui
609 3305 657 3356 par
678 3296 735 3338 erat
753 3289 781 3339 in
801 3289 941 3356 utriusque
964 3286 1073 3353 linguae
1092 3286 1229 3346 facultate,
1248 3285 1335 3334 Grae·

244 3369 290 3404 cae
307 3362 335 3404 et
355 3352 492 3415 Arabicae,
509 3354 648 3422 impulsus.
689 3358 789 3409 multos
812 3357 857 3409 bic
876 3360 917 3407 vir
934 3365 1026 3423 rogatu
1057 3365 1085 3408 et
1102 3357 1175 3407 iussu
1195 3355 1264 3422 regis
1284 3373 1335 3406 no-

244 3432 356 3475 strorum
376 3423 504 3475 librorum
524 3425 553 3474 in
570 3425 707 3479 ancicnm
727 3429 865 3480 transtulit
883 3429 1010 3495 linguam,
1031 3427 1120 3478 omnia
1140 3425 1250 3497 quidem
1270 3435 1333 3476 acta

243 3502 272 3545 et
289 3495 393 3546 tabulas
415 3493 545 3565 publicar,
566 3496 670 3548 codices
692 3500 888 3567 imperatorios,
905 3501 957 3548 alia
973 3498 1065 3562 utilia;
1084 3497 1168 3548 multa
1185 3498 1332 3548 etiamne-

242 3566 350 3632 ligionir
375 3575 490 3618 nostrae.
537 3582 592 3617 non
619 3568 742 3618 cessabat
768 3571 838 3619 enirn
863 3569 992 3621 sciscitari
1018 3569 1157 3633 sultanus,
1179 3567 1332 3619 identidem

241 3637 346 3705 aliquid
364 3653 523 3705 cognoscere
546 3645 573 3689 et
593 3640 688 3690 certior
702 3639 760 3688 lieri
781 3638 814 3690 de
835 3638 1050 3698 lidecliristiana
1069 3639 1190 3690 studens.
1211 3647 1241 3690 at
1261 3638 1331 3690 nibil

241 3706 276 3757 ad
296 3709 409 3758 salntem
428 3709 559 3776 proiecit:
578 3725 633 3759 nou
655 3710 728 3760 enim
747 3709 813 3759 deus
834 3711 862 3759 in
880 3710 974 3762 stolidi
993 3709 1073 3760 corde
1092 3711 1180 3760 locum
1200 3707 1294 3762 babet.

253 3855 259 3867 ,
327 3796 401 3846 Inter
424 3796 477 3846 alia
495 3809 563 3865 qnae
582 3795 750 3863 interrogans
769 3795 909 3858 discebat,
929 3798 1012 3848 etiam
1037 3797 1070 3849 de
1089 3798 1263 3849 anathemate
1283 3813 1328 3848 seu
1350 3855 1355 3858 ,

242 3867 518 3916 excommunicatione
540 3867 652 3928 audivit,
670 3867 807 3928 videlicet,
834 3869 990 3937 quicunqne
1011 3885 1026 3918 a
1043 3869 1218 3938 pontificibus
1237 3876 1267 3920 et
1286 3885 1330 3920 sa·

241 3935 396 3988 cordotibus
417 3936 577 3988 Christianis
596 3938 665 3990 iusta
685 3938 719 3989 de
740 3953 831 4000 causa,
851 3937 887 3989 ob
912 3948 1049 4007 peccatum
1067 3948 1115 3990 aut
1132 3939 1231 4003 scelus,
1249 3957 1266 3990 e
1285 3957 1329 3990 sa-

240 4023 284 4057 cro
304 4017 381 4059 coetu
401 4009 562 4078 expellatur,
586 4007 658 4059 bunc
684 4009 765 4060 talem
792 4008 930 4060 humatum
961 4028 1015 4061 non
1033 4009 1144 4061 dissolri
1173 4011 1203 4061 in
1221 4019 1329 4069 terram.

239 4078 286 4130 sed
305 4096 412 4132 manere
433 4097 529 4150 corpus
549 4081 606 4132 eins
625 4079 816 4132 indissolutum
846 4087 875 4132 et
893 4081 1027 4149 integrum
1045 4084 1073 4132 iu
1092 4089 1172 4144 terre,
1192 4082 1328 4151 conspici-

1435 2564 1437 2621 l

1433 2732 1435 2775 l

1432 2794 1434 2851 l

1431 2866 1433 2927 l

1430 2946 1432 3003 l
