2884 4775
251 256 323 323 roe
698 254 891 349 msaopm

334 409 448 472 Τοῦτοι
469 406 498 471 οἱ
520 400 645 471 ἄνωθεν
667 409 815 487 τέσσαρσι
840 404 1044 488 πατριάρχαι,
1067 402 1085 465 6
1110 405 1295 485 Σχολάριος,
1320 405 1338 467 6

244 509 421 589 Ἰσίδωρος,
452 506 469 571 6
500 502 642 588 Ἰωάσαφ
671 502 759 567 καὶὸ
782 502 1028 595 Ξυλοκαράβηςι,
1050 501 1157 584 ε”γιναν
1176 509 1277 588 χωρίς
1299 504 1335 567 asi

246 606 370 671 δώσουν
397 608 454 671 τοῦ
473 602 646 669 σουλτοὶνοο
674 607 788 667 κανένα
815 606 927 685 δῶρον·
974 600 1069 680 μόνον
1088 600 1204 684 tiarae,
1229 603 1338 678 καθώς

246 706 301 782 κατ’
319 708 364 781 εἰς
385 706 440 771 τὸν
460 702 571 785 καιρὸν
591 707 645 787 τῆς
659 706 824 785 βασιλείας
846 706 906 767 τῶν
923 699 1102 781 Ῥωμαίων,
1122 701 1205 764 anot
1225 706 1336 784 ἑχάρι.

246 809 298 883 ζεν
320 805 335 868 6
354 804 504 885 βασιλευς
524 809 578 866 τοῦ
599 798 799 885 πατριάρχου
818 807 1022 885 χαρίσματα,
1051 799 1158 875 καθώς
1178 802 1216 864 τά
1242 805 1363 884 ἔχοιτ’-5

244 923 352 985 ψαμεν
372 900 495 966 ἅνωθῑν
525 906 590 967 κατ’
624 901 734 983 ὄνομα.
788 892 863 982 ἦτον
896 904 930 964 δὲ
952 903 994 989 τῷ
1014 904 1112 986 καιρῷ
1134 904 1241 989 ἐκείνῳ
1263 900 1340 977 ιῖἕνοιςΙ

243 1000 448 1083 ἱερομόναχος
469 997 602 1081 ὀνόματι
624 1002 778 1083 Συμεών,
804 1000 1048 1083 Τραπεζόντιος,
1073 1001 1089 1063 6
1112 1000 1219 1075 ὁποῖος
1240 992 1338 1085 ἦλθεν

243 1105 307 1163 e'rioi
329 1103 373 1173 εἰς
395 1099 448 1183 τὴν
471 1104 805 1167 Κωνοταντινοὺιτολιν
833 1101 887 1163 κατ’
906 1103 1103 1183 ἐκπτοίκησεν
1134 1100 1178 1172 εἰς
1200 1098 1266 1183 τίμ-
1276 1123 1337 1180 με-

243 1196 342 1285 γάλην
362 1202 536 1283 ἐκκλησίαν.
577 1194 651 1283 ἦτον
665 1204 700 1264 δὲ
712 1200 953 1285 χρησιμώτατος
968 1203 1024 1265 καί
1047 1200 1203 1286 φιλόξενος
1225 1194 1336 1263 πολλοί.

244 1298 328 1362 ὁποῦ
350 1301 402 1363 δὲν
423 1293 495 1381 η’τον
515 1300 602 1374 τινας
627 1295 732 1379 ὅμοιός
746 1322 801 1362 τοο
822 1303 866 1374 τίς
890 1297 948 1382 τήν
970 1302 1149 1385 φιλοξενίαν
1170 1296 1257 1362 aute
1273 1300 1381 1361 ου’-10

243 1398 307 1463 τόν.
363 1397 471 1463 λοιπὸν
506 1398 536 1463 oi
563 1396 786 1482 Τραπεζόντιοι
819 1398 1124 1481 ἐσυμβουλεύθησαν
1146 1393 1196 1462 tn
1218 1398 1257 1461 vri
1280 1399 1335 1460 κάς

243 1525 325 1583 μοον
339 1499 438 1563 aazia
456 1501 654 1584 πατριάρχηκ
675 1484 734 1562 καί
744 1498 899 1581 ου’γάλουν
912 1496 966 1561 τόν
978 1498 1108 1580 νόμιμον
1128 1501 1338 1583 πατριάρχην,

244 1596 344 1663 αὐτὸν
365 1599 418 1664 triv
437 1600 527 1682 κύριν
550 1600 695 1681 Μάρκον.
716 1594 807 1679 εἶχαν
828 1602 862 1663 δὲ
875 1596 965 1672 υὶούς
985 1602 1067 1679 μέσα
1090 1602 1135 1673 εἰς
1156 1598 1190 1662 τὸ
1212 1595 1336 1683 σαράγρ

243 1703 302 1763 τοῦ
325 1699 499 1764 σουλτάνου
522 1700 576 1761 καί
596 1696 655 1775 ἔξω
676 1700 720 1774 είς
743 1697 800 1783 τὴν
829 1700 948 1781 πόρτακι
968 1693 1078 1780 αὐτοῦ,
1099 1699 1144 1772 εἰς
1167 1697 1264 1777 τιμὰς
1278 1721 1336 1779 με·

244 1797 353 1883 γάλας,
390 1796 446 1861 κατ’
478 1792 568 1879 εἶχαν
596 1799 787 1882 παρρησίαν.
807 1808 874 1878 μετ’
895 1797 1030 1872 αὐτούς·
1082 1796 1210 1862 aeritimi
1234 1790 1381 1877 ὅνομαὶῧ

245 1900 351 1963 αὕταῖν
371 1900 532 1963 ε’ττιοὶνιτον
552 1898 568 1963 6
592 1898 682 1980 λόγος
703 1898 777 1974 τούς
801 1901 846 1974 εἰς
866 1898 921 1964 τὸν
943 1895 1125 1965 οουλτᾰνον.
1169 1892 1255 1975 ὅμως
1274 1896 1338 1961 αὖ·

243 1998 301 2081 τοί,
324 1996 353 2063 οἱ
377 2000 609 2081 Τραπεζόντιοι,
629 1997 880 2064 ἑκατεσκεύασαν
908 1998 963 2063 κατ’
981 1998 1104 2079 ε”ιιομαν
1122 2002 1224 2065 τοῦτο.
1266 2000 1334 2061 s'rie.

245 2098 407 2181 ξτώθροαν
439 2098 513 2172 τούς
540 2098 723 2181 κλρρικοίς,
754 2103 808 2164 καί
839 2101 975 2163 ἐπίασαν
1009 2096 1124 2173 αὐτους
1155 2102 1196 2179 μὲ
1214 2095 1338 2180 μεγάλα

246 2198 334 2277 δῶρα
356 2201 411 2260 καί
429 2201 611 2273 κολακείαις·
669 2202 725 2263 καί
746 2195 958 2285 ὄμοφιόνησαν
989 2204 1056 2279 μετ’
1079 2198 1195 2279 αὐτῶν,
1216 2200 1267 2263 ἳνα
1288 2202 1339 2262 εἰ·

245 2302 326 2370 τιοῦν
348 2296 426 2361 κατὰ
459 2302 518 2361 τοῦ
541 2298 748 2382 πατριάρχου
782 2296 901 2381 ταύτην
931 2296 988 2381 τήν
1023 2303 1258 2383 συκοφαντίαν,
1289 2294 1382 2366 tneo

245 2399 313 2473 πῶς
341 2395 453 2480 ἔκταμεν
481 2398 583 2482 α’ρχὴν
609 2401 708 2484 κακήν
736 2399 790 2464 κατ’
817 2397 917 2482 νομὴν
937 2404 983 2474 εἰς
1015 2398 1072 2483 τὴν
1096 2404 1261 2483 ἐκκλησίαν
1283 2401 1339 2462 κατ’

245 2493 359 2580 ἔβαλε,
393 2498 432 2562 κά
453 2501 534 2563 δίδοι
565 2501 728 2564 πεσκὲσιον
758 2501 803 2574 εἰς
837 2498 893 2584 τὴν
927 2496 1027 2583 πόρια
1057 2502 1115 2563 τοῦ
1149 2495 1338 2581 σουλτάνου,

318 2717 418 2766 Horum
446 2725 561 2786 quatuor
588 2717 717 2769 hactenus
744 2727 1010 2770 commemoratorum
1039 2718 1247 2788 patriarcharum
1274 2717 1335 2786 (qui

247 2794 319 2845 stant,
342 2787 518 2852 scholarius,
547 2787 678 2851 Isidorus,
708 2789 874 2859 Ioasaphus,
892 2800 919 2842 et
944 2789 1135 2858 Xylocarabes)
1162 2791 1276 2858 quisque
1297 2790 1335 2838 ita

247 2865 351 2908 creatas
364 2859 430 2909 soit:
448 2867 479 2909 ut
493 2860 714 2911 omninonulium
727 2862 834 2913 sultano
846 2862 945 2913 donum
964 2865 1085 2912 afferret:
1104 2860 1151 2912 sed
1163 2859 1248 2910 libere
1269 2859 1335 2910 sacti

247 2937 318 2988 saint,
339 2931 407 2979 sicot
425 2930 488 2979 olim
509 2930 558 2980 sub
575 2932 783 3000 imperatoribus
802 2933 942 2984 Romanis:
975 2951 1028 3002 quo
1048 2940 1168 3000 tempore
1188 2933 1334 3000 imperator

246 3015 355 3050 annuero
377 3000 535 3068 patriarchis
558 2991 655 3053 dabat:
685 3005 754 3055 sicut
782 3002 834 3055 hoc
866 3004 1062 3072 supradiserte
1081 2992 1241 3072 scripsimhs.
1279 3002 1335 3052 suit

245 3073 295 3120 ilio
313 3079 433 3140 tempore
454 3073 562 3142 quidam
583 3073 815 3138 hieromonachos,
839 3077 948 3125 nomine
968 3076 1102 3140 Symeon,
1123 3075 1207 3142 patria
1228 3072 1334 3141 Trape-

246 3142 372 3205 zuntius,
391 3143 438 3211 qni
469 3144 577 3194 veniens
594 3143 646 3194 huc
667 3145 765 3212 Cpoiin
786 3145 919 3196 habitavit
942 3147 972 3195 in
996 3162 1090 3212 magna
1112 3144 1233 3203 ecclesia,
1252 3143 1334 3192 homo

245 3214 359 3262 maxime
377 3213 461 3272 utitis,
482 3222 509 3264 et
527 3223 600 3265 tanta
612 3214 805 3284 hospitalitatis
825 3216 904 3268 laude
914 3218 1073 3284 conspicuus
1086 3224 1123 3276 ut,
1142 3216 1189 3284 qni
1212 3213 1263 3264 hoc
1283 3229 1331 3279 ge·-

245 3301 311 3333 nere
332 3299 391 3333 carm
412 3284 471 3352 ipso
488 3286 635 3352 comparari
654 3297 754 3356 posset,
776 3289 941 3340 inveniretur
966 3305 1054 3338 nemo.
1091 3285 1154 3336 inde
1175 3285 1335 3354 Trapezon-

246 3356 279 3406 tii
297 3354 439 3406 consiliam
458 3355 528 3404 inire
552 3356 629 3406 iiiam
656 3357 762 3407 creandi
783 3360 968 3426 patriarcham,
991 3376 1054 3408 vero
1073 3355 1220 3425 patriarcha
1243 3355 1336 3418 Marco

247 3423 346 3474 asede
365 3423 491 3474 abducto.
534 3427 607 3493 quoti
635 3428 672 3476 eis
690 3445 722 3476 eo
753 3429 822 3479 factu
843 3431 989 3498 proctivius
1011 3437 1082 3488 erat,
1102 3425 1174 3496 quod
1193 3427 1263 3476 iiiios
1283 3424 1334 3474 ha·

247 3495 351 3547 bebant
369 3494 397 3545 in
414 3503 500 3546 castro
518 3497 616 3546 suitani
636 3506 663 3547 et
676 3499 743 3549 alios
763 3510 836 3551 extra
856 3502 955 3567 magnis
974 3499 1122 3550 honoribus
1141 3505 1247 3561 auctos3
1265 3497 1334 3564 qai-

247 3566 359 3617 buscnm
381 3574 469 3632 patres
490 3566 577 3617 iibere
595 3583 673 3634 agere
695 3578 836 3637 poterant,
857 3589 992 3642 operaque
1011 3570 1117 3619 iliorum
1137 3565 1217 3618 verba
1238 3583 1332 3616 eorum

247 3637 433 3687 adsuitanum
449 3638 662 3708 perimebantur.
708 3649 772 3690 tunc
808 3659 869 3708 ergo
899 3642 1070 3711 Trapezuntii
1101 3639 1334 3708 praeparationem

239 3706 438 3770 adhibuerant,
462 3709 516 3760 hoc
536 3709 608 3780 qnod
630 3710 716 3761 dicam
739 3712 876 3763 facientes.
919 3713 1116 3782 prehensurunt
1137 3709 1334 3759 ecclesiasticos

247 3778 387 3839 homines,
407 3787 435 3829 et
454 3782 555 3848 magnis
573 3781 653 3831 donis
683 3783 828 3852 mnitisqne
848 3783 988 3836 blanditiis
1001 3783 1057 3834 sibi
1078 3781 1280 3844 conciliarunt;
1301 3795 1332 3827 ac

245 3858 352 3918 pactum
378 3866 438 3900 cum
465 3853 503 3902 eis
531 3852 649 3903 inierunt
674 3852 707 3902 de
735 3853 923 3909 calumniando
946 3852 1112 3923 patriarcha=
1139 3869 1198 3902 etim
1216 3849 1335 3917 improbi

246 3921 404 3986 gravaminis
424 3923 603 3973 hecclesiam
618 3932 752 3983 auctorem
771 3935 798 3975 et
817 3926 1026 3976 introductorem
1041 3924 1171 3984 extitisse,
1190 3921 1224 3971 de
1245 3921 1334 3970 aureis

245 3991 322 4040 miiie
339 3993 452 4060 pescesii
469 3994 588 4057 nomine,
607 4011 653 4044 seo
673 3995 745 4044 initii
758 3996 961 4064 patriarchatus,
981 3997 1044 4046 fisco
1059 3995 1158 4046 suitani
1172 3992 1333 4042 inferendis.

247 4061 310 4113 ideo
323 4079 383 4112 eom
398 4081 452 4114 non
470 4072 574 4115 mattam
593 4064 725 4131 dignitate
745 4067 839 4116 summi
857 4067 965 4118 honoris
985 4066 1136 4117 exerendum
1154 4080 1222 4124 esse,
1241 4073 1334 4114 verum

247 4134 339 4199 etiam,
358 4135 427 4189 sicut
447 4143 550 4191 veteres
575 4135 725 4191 haereticos
747 4138 927 4211 patriarchas,
946 4137 1114 4192 anathemate
1135 4133 1286 4192 feriendam
1302 4141 1334 4187 et

570 4218 575 4239 i
