2884 4775
261 245 336 327 224
640 257 697 323 nn
725 253 857 367 anans
891 255 1000 324 asim

262 421 425 510 tiresiae*
444 421 500 506 τὴν
522 418 696 503 προδοσίαν
717 421 924 502 ἐπαναγέσθω
944 421 989 505 τῷ
1010 413 1202 502 διηγήμασι·
1247 405 1369 494 ἐξωθιν

261 524 323 611 γύρ
345 518 589 609 περιεκλύκλουν
619 517 674 604 τη“ν
703 519 792 584 πόλιν
814 517 844 583 οἱ
872 520 1069 602 Ἀλβανϊται,
1093 513 1217 583 ἔσωθεν
1242 518 1279 581 δέ
1304 541 1369 579 πα.

264 625 448 711 ρηνύχλουν
469 625 572 699 κακῶς
601 620 657 687 τὸκ
679 624 822 704 γουλᾶν,
853 616 933 685 κατύ
957 616 1071 705 κράτος
1104 619 1149 695 εἰς
1171 615 1272 696 αιίτύν
1294 619 1367 682 ἐπι.

262 724 425 808 σπύμονοι
447 721 503 789 καί
524 722 604 809 ῥούα
629 721 710 809 ῥούα
732 718 939 806 φωνύζοντες.
986 727 1071 802 τρεῖς
1100 721 1134 783 δέ
1167 719 1292 804 ἡμέρας
1313 722 1370 784 καί

263 826 378 900 νύκτας
408 824 467 886 ουίι
489 820 667 887 ἐπαύσαντο
700 818 780 902 μετοὶ
801 823 857 884 τοῦ
889 824 968 886 λαού
989 822 1220 902 πολεμοῦντες,
1243 820 1304 895 ἕως
1327 811 1369 882 ού
1378 833 1393 884 5

263 925 546 1009 συνηθροίσθησαν
563 925 684 1005 πλῆθος
706 915 837 1004 ύπειρον
857 919 940 1000 μετὰ
959 925 1023 985 τῶν
1036 917 1219 1002 μονοξύλων
1239 923 1295 985 καί
1310 924 1369 1003 τῆς

254 1020 400 1106 Χβύλκας,
429 1024 485 1086 καί
513 1023 704 1107 ἐκινήθησαν
733 1019 795 1084 dni
820 1023 875 1084 τοῦ
898 1021 1024 1105 νησίον,
1049 1013 1134 1093 ὅπως
1155 1018 1292 1103 ἐπιβσῖσι
1313 1021 1371 1082 κατ’

264 1127 398 1189 α’νέλωοι
430 1122 488 1206 τὴν
510 1122 611 1186 πόλιν.
655 1119 742 1186 οἶδὲ
773 1124 827 1204 τῆς
846 1118 957 1205 χώρας
979 1115 1136 1204 οἰκήτορες
1159 1122 1192 1184 ἐν
1214 1122 1251 1206 τῇ
1273 1119 1368 1206 λίμνη

264 1224 471 1290 εἰσέπλευσαν
495 1219 576 1303 μετὰ
609 1222 666 1285 δύο
700 1225 828 1304 βαλκοῖν
862 1221 917 1286 καί
944 1221 1125 1303 μονοξύλωυ
1154 1219 1289 1306 ὀλίγων,
1315 1223 1372 1283 καί

263 1325 342 1389 κατὰ
362 1328 420 1389 τοῦ
439 1323 551 1388 στόλου
572 1326 636 1386 τοῖν
656 1324 809 1388 ἐναντίων
830 1321 966 1404 πόλεμον
988 1321 1233 1405 συνεστήσαντο.
1280 1319 1311 1385 οἱ
1333 1323 1369 1387 δὲ
1381 1333 1410 1386 10

264 1425 543 1508 ἐναπολιιφθέντες
573 1422 652 1506 πρὸς
674 1422 729 1488 τὸν
758 1420 1010 1508 ἀρχιστράτηγον
1030 1425 1087 1487 τού
1115 1424 1195 1487 θεοῦ
1226 1423 1370 1508 Μιχαὴλ

264 1525 324 1591 σύν
344 1527 465 1610 οἰμωγῇ
494 1526 628 1608 καρδίας
657 1521 757 1598 οὕτως
786 1523 910 1606 ἐβόων·
963 1527 1041 1588 “νῦν
1070 1521 1252 1589 ἐκύκλωσαν
1283 1526 1369 1608 ἡμᾶς

265 1630 430 1706 δυσμενεῖς
454 1628 662 1710 φθοροποιοί,
696 1623 751 1688 καί
771 1627 898 1708 ζητοῦσι
921 1632 1088 1688 καταπιεῖν
1107 1622 1162 1707 την
1181 1623 1241 1707 σὴν
1266 1622 1369 1704 πόλιν,

265 1723 504 1811 α’ρχιστρύτηγε,
527 1722 727 1809 κατύβρωμα
748 1729 866 1789 θέσθαι
887 1723 970 1808 ἡμᾶς
991 1724 1187 1805 βουλόμενοι.
1230 1722 1269 1789 τύ
1288 1731 1369 1808 βου-

265 1824 409 1909 λεύματα
431 1822 551 1891 τούτων
587 1825 683 1901 αὐτὸς
706 1829 905 1906 ματαίωσον·
960 1823 1019 1902 τοίς
1041 1821 1143 1909 ὁρμὰς
1163 1821 1220 1902 τοὶς
1239 1827 1370 1892 λυσσοί-
1381 1841 1409 1892 15

266 1933 331 2003 δεις
350 1924 447 2002 αιίτδς
469 1922 673 1991 οἰνύστειλον·
715 1925 774 2009 την
802 1923 909 2011 ὀφρύν
930 1926 1038 1990 αἰτῶν
1059 1923 1284 1990 κατάσπασον*
1330 1926 1369 1992 σύ

265 2026 442 2112 προστάτης
475 2025 534 2110 γάρ
573 2027 739 2110 ἡμῶνκαὶ
768 2031 854 2102 θεῖος
875 2026 981 2111 φύλαξ
1005 2026 1278 2110 α’σφαλέοτατος.”
1321 2024 1371 2090 ἐν·

265 2133 382 2193 τεῦθεν
412 2132 457 2205 εἰς
488 2125 594 2214 φυγην
628 2124 657 2191 οἱ
686 2119 820 2192 ἐναντίοι
853 2125 1035 2209 ἐτράπησαν
1065 2129 1118 2189 καί
1138 2124 1218 2189 sarci
1253 2128 1370 2210 κράτος

173 2277 180 2281 -
246 2228 446 2300 ,α’πτύλοντο·
489 2228 520 2293 οἱ
541 2229 576 2292 δέ
594 2228 650 2291 τὸν
673 2231 791 2310 γουλᾶν
811 2225 1047 2311 ληϊστρεύοντες
1079 2227 1282 2301 οἰκειοθελως
1304 2254 1370 2291 πα·

265 2327 457 2415 ρεδόθησαν.
498 2331 553 2394 καί
577 2322 617 2412 ἧν
649 2332 729 2395 ἰδεῖν
760 2329 831 2393 τότε
857 2331 996 2414 μεγάλην
1027 2332 1187 2413 σωτηρίαν
1217 2331 1259 2416 τῇ
1279 2328 1407 2402 adianto

266 2433 330 2496 τῶν
352 2432 542 2512 'invassissent
565 2428 602 2514 ἣν
623 2430 821 2514 ἐλυτροίσατο
849 2428 958 2513 κύριος
976 2427 995 2491 δ
1017 2428 1093 2505 θεὸς
1115 2432 1148 2493 ἐκ
1167 2432 1229 2494 ταῖν
1250 2434 1370 2514 χειρῶν

266 2533 328 2594 τοῖν
347 2530 545 2611 Ἀλβανιταῖν
565 2534 605 2617 τῇ
626 2531 776 2618 πρεσβείᾳ
800 2538 855 2595 τοῦ
882 2527 1021 2615 φύλακος
1036 2529 1176 2615 ταύτης,
1196 2534 1255 2594 τού
1275 2531 1369 2613 α’ρχι-

267 2631 441 2716 στρατήγου
464 2629 604 2716 Μιχαηλ
625 2632 688 2695 τῶν
707 2624 774 2695 ἄνω
796 2631 972 2713 δυνάμεων.
993 2628 1061 2697 τότε
1082 2632 1162 2715 δῆτα
1179 2630 1233 2696 καὶ
1256 2629 1273 2695 ὅ
1298 2632 1370 2697 Θω-

267 2882 424 2936 indictionis
444 2882 573 2950 secundo,
593 2884 637 2936 die
658 2884 738 2955 primi
759 2884 865 2937 sabbati
878 2902 1011 2937 sacrorum
1029 2883 1304 2955 quadragesimorum.
1324 2885 1370 2938 sed

269 2956 355 3007 oratio
379 2964 470 3008 nostra
490 2955 524 3017 ad
543 2956 727 3028 proditionem
746 2958 900 3009 narratione
920 2956 1074 3023 reducatur,
1095 2966 1169 3009 extra
1189 2958 1264 3009 enim
1285 2957 1371 3009 Atha-

268 3029 342 3079 nitae
363 3028 456 3079 urbem
475 3027 733 3094 circumcludebant,
753 3030 822 3081 intra
844 3038 932 3080 autem
952 3030 1046 3079 turrim
1065 3027 1135 3079 male
1154 3030 1303 3093 vexabant,
1322 3047 1370 3081 ve-

268 3098 411 3151 hementer
431 3101 460 3150 in
479 3116 536 3152 eam
559 3109 677 3164 ruentes,
693 3106 720 3152 e't
740 3118 795 3163 rus,
815 3117 861 3151 rus
885 3100 1039 3161 clamantes,
1059 3117 1107 3169 per
1124 3108 1178 3151 tres
1197 3108 1291 3152 autem
1312 3101 1369 3153 dies

269 3180 297 3223 et
315 3179 406 3222 noctes
425 3170 638 3250 nonrdesiernnt
658 3190 716 3223 cum
739 3172 841 3241 populo
862 3188 988 3240 pugnare.
1026 3172 1130 3223 interea
1152 3171 1302 3225 multitudo
1325 3175 1370 3224 in-

268 3242 446 3293 numerabilis
474 3258 533 3291 cum
552 3243 679 3293 lintribus
710 3251 739 3294 et
759 3244 875 3311 :navigio
896 3244 1029 3303 convenit,
1053 3252 1080 3293 et
1100 3261 1132 3293 ex
1151 3242 1240 3294 insuia
1262 3261 1291 3295 se
1311 3260 1370 3295 mo-

269 3315 318 3374 vit,
338 3320 369 3363 ut
387 3312 482 3361 urbem
495 3328 616 3379 aggressa
636 3322 751 3382 saperet.
790 3324 983 3383 terraelautem
1001 3315 1107 3365 incolae
1126 3314 1155 3366 in
1176 3315 1237 3365 lacu
1257 3316 1370 3383 naviga-

271 3391 334 3433 runt
354 3399 413 3432 eum
435 3381 540 3434 duabus
560 3382 671 3433 navibus
691 3393 719 3434 et
737 3387 829 3453 paucis
851 3387 995 3449 lintribus,
1023 3395 1049 3436 et
1068 3386 1147 3437 classi
1169 3386 1290 3439 hostium
1309 3387 1370 3438 bel-

270 3454 325 3504 ium
347 3462 517 3523 paraverunt.
555 3456 601 3523 qni
620 3461 708 3505 autem
730 3457 815 3507 relicti
837 3466 921 3521 erant,
941 3457 975 3508 ad
994 3474 1125 3508 summum
1141 3456 1237 3509 ducem
1258 3459 1304 3509 dei
1320 3459 1371 3508 tti-

270 3523 390 3575 chnelem
410 3544 469 3591 cnm
490 3526 685 3577 lamentatione
707 3527 793 3577 cordis
814 3528 866 3579 hoc
886 3528 966 3580 modo
987 3528 1155 3580 clamabant:
1187 3546 1261 3580 nunc
1281 3528 1370 3581 hostes

270 3596 441 3649 devastantes
452 3615 501 3648 nos
517 3596 733 3649 circumcludunt
746 3606 773 3648 et
786 3598 879 3650 urbem
894 3608 966 3651 tunm
982 3599 1110 3651 devorare
1128 3601 1250 3662 student,
1269 3618 1370 3651 summe

270 3667 345 3730 dus,
376 3684 425 3718 nos
444 3669 533 3732 cibum
565 3667 677 3720 reddere
695 3670 829 3720 volentes.
866 3671 1034 3723 voluntatem
1057 3672 1153 3722 horum
1174 3689 1301 3741 praesens
1322 3671 1369 3722 de·
1439 3672 1441 3709 ἰ

272 3740 336 3800 teas,
357 3738 476 3808 impetus
495 3740 610 3791 furiosos
630 3757 758 3809 psaesens
778 3740 917 3804 destituas,
938 3742 1090 3811 superbiam
1115 3760 1210 3794 eorum
1232 3743 1370 3803 detrudas,

270 3818 299 3861 tu
321 3810 391 3868 enim
414 3810 493 3861 nobis
519 3828 626 3879 praeses
645 3820 673 3864 et
701 3813 809 3863 divinus
839 3823 927 3865 custos
954 3815 1037 3883 idque
1057 3816 1231 3865 certissimus.
1269 3815 1371 3865 deinde

271 3884 298 3932 in
320 3882 410 3948 fugam
431 3881 522 3933 hostes
545 3884 613 3934 versi
628 3891 656 3933 et
675 3882 797 3934 funditus
817 3882 901 3936 deleti
921 3896 991 3949 sunt,
1011 3887 1057 3955 qui
1077 3894 1167 3937 autem
1189 3886 1287 3938 turrim
1307 3904 1370 3956 spo-

270 3952 392 4014 liabant,
413 3953 509 4004 victori
528 3970 556 4004 se
582 3956 782 4024 permiserunt,
810 3963 891 4025 atque
913 3957 1027 4007 salutem
1054 3974 1177 4025 magnam
1197 3958 1273 4011 urbis
1294 3959 1370 4007 toan·
1440 3958 1441 4029 i

270 4025 352 4076 ninas
369 4025 463 4075 videre
496 4023 613 4090 licebat,
635 4042 714 4094 qnam
739 4025 864 4078 dominns
889 4028 955 4079 deus
979 4030 1103 4080 manibus
1122 4030 1314 4082 Albanitorusn
1337 4030 1370 4079 ii·

270 4096 420 4158 beraverat,
440 4094 521 4145 misso
541 4096 651 4148 custode
667 4099 734 4160 eius,
752 4114 856 4148 summo
874 4098 941 4152 duce
960 4102 1101 4153 numinum
1122 4116 1293 4170 superorum,
1316 4102 1370 4153 Mi·

270 4168 401 4224 chaelon.
420 4175 477 4223 tum
490 4166 699 4240 igiturThomas
718 4169 852 4259 delectam
862 4170 1046 4227 Albanitasum
1067 4175 1095 4227 in
1112 4188 1219 4229 cascere
1240 4173 1366 4239 includit,
