2884 4775
463 237 780 306 ιλιιιιιιιοιιιοι.
833 207 834 213 Ν
954 192 957 207 ’
1049 183 1052 191 ’
1098 186 1173 309 ὀι
1244 255 1248 277 ι

83 391 247 466 βασιλείας
280 388 396 465 advari,
426 379 488 449 α’πό
512 384 584 461 τούς
619 390 765 471 πρώτους
787 389 957 475 τοῦκόπου
980 392 1097 457 ἐκείνου
1120 399 1177 477 τῆς

89 490 339 569 Τραπὲζοῦντος,
365 490 419 551 καί
439 480 515 569 ἦτον
535 484 662 570 ἐγγονας
692 492 749 553 τοῦ
767 485 897 573 Ἰόηαρι,
920 496 975 572 τῆς
998 490 1177 577 θυγατερός

83 609 139 650 του
162 585 252 675 υἱός·Ι
297 584 414 667 ὁμοίως
445 584 500 650 καί
526 586 542 651 ὃ
564 591 747 668 Μαχομέτα
774 591 911 673 πασιιῖς,
941 592 976 653 ἐκ
997 591 1051 673 τῆς
1079 582 1177 675 ἄλλης

84 684 245 767 θυγατρός
266 688 323 750 τοῦ
342 685 470 771 Ἰάγαρι,
492 674 574 749 deind
592 679 665 768 ἦτον
685 688 731 761 εἰς
751 685 809 770 τὴν
830 692 975 772 Σερβιάν.
1028 676 1083 752 καί
1105 685 1178 774 ἦτον

59 786 184 860 castrig
204 784 221 847 ὁ
242 786 523 868 πρωτοβεστιόριος
545 795 611 866 μετ’
634 787 734 849 αὐτοῦ
762 790 816 850 τοῦ
837 790 938 852 πασιᾶ
959 792 1080 870 πρῶτοι
1104 790 1177 867 ἐξό-

84 887 211 971 δτλφοι,
233 885 290 949 daia
318 882 510 970 α’όελφόιλων
529 883 558 949 οἱ
582 883 656 952 υἱοί.
698 890 752 950 καί
772 881 838 969 εἶχε
859 892 1038 971 παρρησίαν
1060 892 1105 966 εἰς
1122 888 1177 955 τόν

83 983 257 1048 σουλτιίνον
290 986 355 1047 διό·
375 978 476 1065 όνομα
498 988 557 1048 τοῦ
576 990 678 1049 neceni
708 988 765 1049 τοῦ
786 990 1046 1072 ἐξαδὲλφουτου.
1090 984 1176 1071 ὅμως

83 1080 232 1157 τοῦτοςό
263 1088 549 1168 πρωτοβεστιιίριος
578 1078 645 1167 εἶχε
673 1095 805 1167 γυναῖκα
836 1086 968 1167 νόμιμον
991 1090 1047 1151 καί
1064 1092 1177 1153 sardin
1249 1115 1252 1122 ²

83 1185 151 1262 μετ’
173 1186 284 1266 αιίτῆς.
329 1181 345 1246 ό
368 1186 402 1247 δὲ
424 1182 593 1259 σουλτόνος
614 1183 715 1267 ὑπῆγε
740 1188 907 1269 προτίτερα
928 1190 982 1250 καί
1005 1190 1189 1272 ἐπολέμησε·

44 1272 359 1365 λθτηνἈθῆνακαί
378 1280 433 1365 την
454 1282 568 1365 ἐπῆρε·
617 1276 698 1367 ἦσαν
732 1286 766 1348 δὲ
798 1281 866 1347 τότε
887 1284 994 1366 χρόνοι
1031 1284 1178 1375 μ’πόκτί-

32 1418 37 1430 ·
84 1405 164 1455 σεως
194 1379 315 1462 κόσμου
346 1384 399 1465 ἐξη
427 1381 571 1463 χιλιάδες
600 1380 774 1447 ἐννακόσιοι
803 1381 1074 1467 ἐξηυτατέσσαροι.
1125 1382 1180 1449 καί

83 1477 137 1542 τόν
159 1480 314 1565 αὐθέντην
336 1486 399 1545 τῶν
417 1481 575 1563 Ἀθηνῶν,
599 1480 654 1544 τόν
672 1478 786 1564 ἔκοψεν
812 1482 886 1565 ἐκεῖ,
912 1480 969 1565 την
989 1486 1024 1547 di
1045 1492 1179 1564 γυναῖκα

84 1579 188 1641 αὐτοῦ
209 1582 264 1643 καί
282 1576 319 1644 τό
339 1581 452 1643 παιδία
476 1572 593 1664 ἤφερεν
607 1582 652 1655 εἰς
672 1578 727 1663 τὴν
749 1579 1080 1645 Κωνσταντινοόπολιν
1105 1556 1189 1645 ἐιλίό.Ι

84 1671 161 1760 η’τον
184 1680 220 1742 δέ
242 1677 325 1761 αὕτη
344 1683 503 1762 θυγατέρα
523 1682 623 1764 κυροό
633 1681 820 1765 Δημητρίου
834 1684 892 1744 τοῦ
908 1682 989 1745 'Auci
1008 1684 1065 1743 rosi
1080 1674 1178 1765 α’φεν-

45 1776 139 1852 15τός
165 1779 220 1860 τῆς
242 1782 423 1864 Κορίνθου,
446 1782 500 1843 καί
529 1771 603 1861 ἦτον
624 1777 724 1842 πολλοὶ
760 1778 982 1865 ειῗμορφοτότη
1004 1778 1060 1844 καί
1079 1781 1123 1855 εἰς
1143 1779 1177 1844 τό

83 1876 255 1960 πρόσωπον
285 1878 339 1942 καί
360 1880 406 1954 τίς
428 1874 502 1944 όλον
520 1877 553 1942 τὸ
575 1875 702 1961 κορμη·
754 1879 896 1963 η’κόύσθη
920 1882 954 1943 δὲ
977 1880 996 1961 ἡ
1019 1882 1178 1965 εὐμορφία

84 1977 255 2058 αὕτῆςείς
288 1970 437 2061 όληντῆν
472 1981 572 2042 πόλιν.
624 1974 763 2053 ἅκυόοας
792 1980 826 2041 δὲ
857 1982 899 2041 ds'
924 1978 1022 2059 αόιὴυ
1045 1978 1061 2043 ὃ
1083 1978 1240 2055 adsient

82 2076 370 2162 αρωτοβεστιόριος
400 2078 538 2161 ἠθέλησε
568 2076 605 2142 υά
628 2077 685 2160 την
709 2082 797 2142 idet-
824 2083 878 2142 καί
902 2078 943 2153 ὥς
965 2073 1034 2159 εἶχε.
1054 2104 1179 2163 παρρη-

82 2178 158 2241 σιάν
176 2180 222 2250 εἰς
241 2176 294 2240 τόν
329 2178 501 2261 αὕθέντηυ,
520 2176 616 2257 ἔκαμε
634 2177 753 2252 πολλὰς
779 2180 891 2258 τέχνας
912 2177 965 2241 καί
987 2177 1052 2241 ἴδεν
1070 2177 1180 2259 αὐτόν.

42 2286 76 2340 20
85 2279 141 2338 καί
161 2280 268 2351 καθῶς
288 2274 355 2342 ἴδεν
375 2275 433 2361 την
454 2271 633 2361 εὐμορφίαν
662 2279 795 2363 ἐκείνης,
818 2274 928 2341 ἔπεσεν
947 2272 1008 2361 ὅλη
1030 2276 1049 2359 ἡ
1073 2278 1179 2360 α’γιίπη

86 2375 188 2438 αὐτοῦ
209 2373 264 2439 καί
286 2371 301 2437 ό
326 2374 421 2452 πόθος
457 2378 501 2451 τίς
524 2374 644 2462 unitrice,
667 2377 721 2439 καί
741 2375 941 2462 α’ποφόσισεν
961 2379 1005 2452 είς
1027 2376 1081 2442 τόν
1101 2373 1178 2439 ἐαυ.

88 2473 141 2538 τόν
165 2469 262 2558 tovi)
291 2473 330 2539 νό
361 2474 419 2558 την
450 2477 552 2562 ἐπάρῃ
580 2485 712 2559 γυναῖκα
744 2473 765 2561 ἢ
791 2475 828 2540 νό
853 2476 1005 2563 ιίπεθοίνη.
1050 2478 1106 2541 καί
1124 2482 1179 2558 τῆς

87 2571 175 2656 τέρας
197 2573 334 2640 ἔστειλε
355 2573 525 2671 γράμματα
556 2581 610 2640 καί
629 2576 811 2661 μηνύματα,
844 2576 887 2662 τός
910 2574 970 2639 α’πὸ
988 2581 1105 2660 μέρους
1124 2581 1182 2643 τοῦ

72 2849 142 2917 ,gari
164 2849 192 2898 in
212 2847 304 2900 Servis
323 2848 408 2898 altera
427 2848 483 2898 filia
501 2845 671 2899 Machameta
695 2848 773 2899 bassa
794 2856 860 2900 erat.
896 2848 934 2900 ita
954 2848 982 2898 hi
1002 2845 1064 2908 duo,
1082 2857 1178 2917 protu-

85 2920 231 2971 vestiarius
256 2927 284 2970 et
315 2919 408 2982 bassa,
426 2921 498 2970 inter
525 2936 553 2969 se
572 2918 727 2969 consobrini
749 2927 840 2983 erant,
858 2935 904 2969 seu
925 2919 1034 2969 duarum
1057 2935 1178 2970 sororum

86 2993 147 3054 filii.
185 2989 266 3040 huius
285 2996 338 3040 tam
373 2997 445 3040 artae
476 3007 535 3040 cum
558 2989 634 3040 bassa
662 2990 873 3060 propinquitatis
900 2989 996 3038 fiducia
1017 2989 1086 3039 sretu
1108 2990 1178 3040 iiber

85 3062 297 3132 protovestiario
315 3060 348 3111 ati
368 3077 455 3128 regem
475 3077 595 3111 accessus
622 3059 742 3129 patebat.
781 3059 898 3110 habebat
917 3069 1006 3109 autem
1025 3068 1089 3110 tunc
1109 3060 1178 3128 legi·

86 3135 153 3183 time
171 3132 224 3182 sibi
246 3134 397 3199 copulatam
417 3148 525 3181 uxorem
553 3139 580 3181 et
611 3131 711 3180 liberos
733 3147 764 3181 ex
786 3147 825 3180 ea.
867 3131 988 3181 sultanus
1007 3139 1095 3180 sutem
1114 3140 1177 3181 ante

86 3205 115 3254 id
136 3211 242 3272 tempus
271 3220 330 3252 curn
348 3203 468 3252 exercitu
493 3202 618 3252 adversus
648 3200 741 3250 urbem
762 3199 924 3253 Athenarum
952 3203 1088 3269 profectus
1119 3219 1176 3252 earn

86 3283 211 3342 ceperat,
239 3290 310 3323 anno
338 3273 372 3322 ab
397 3273 461 3323 orbe
492 3271 601 3322 condito
620 3266 698 3322 6964.
733 3279 797 3322 tunc
815 3271 973 3322 Atheniensi
1004 3272 1070 3322 deme
1089 3287 1177 3336 caeso,

86 3361 199 3396 uxorem
219 3352 247 3393 et
265 3343 364 3393 liberos
384 3346 443 3393 eins
464 3342 517 3393 huc
535 3342 633 3411 Cpolin
651 3343 815 3393 traduxerat.
853 3351 910 3394 erat
929 3360 958 3393 ea
979 3342 1107 3411 principis
1121 3341 1177 3399 Gu-

86 3416 190 3476 riuthi,
216 3415 346 3465 Demetrii
369 3415 482 3475 Amnis,
504 3414 576 3474 fitia,
595 3412 696 3463 formae
715 3413 862 3480 dignitate,
888 3431 940 3482 qna
957 3415 1024 3464 sacie
1043 3431 1096 3482 qua
1116 3422 1184 3465 toto·

86 3503 210 3554 corpore,
229 3485 563 3552 longeexceilentissima‚
592 3500 680 3552 eoque
706 3486 815 3536 nomine
836 3501 885 3554 per
903 3493 985 3535 totam
1003 3483 1095 3533 urbem
1118 3486 1175 3534 cla·
1209 3527 1212 3548 ι
1243 3483 1247 3498 '

86 3559 190 3607 rissima
217 3564 244 3607 et
270 3556 452 3607 celeberrima.
494 3573 554 3604 cum
578 3554 671 3623 itaque
700 3555 771 3604 sarna
799 3564 851 3606 tam
870 3556 983 3605 illustris
1004 3549 1121 3606 feminae
1140 3555 1175 3606 ad

86 3645 165 3678 aures
192 3627 390 3695 protovestiarii
410 3628 590 3693 pervenisset,
614 3627 671 3676 eius
697 3625 831 3676 videndae
858 3625 956 3694 cupido
982 3627 1098 3675 animum
1118 3629 1175 3678 eius

87 3700 207 3748 incessit.
243 3715 291 3766 pro
310 3699 392 3764 gratia
414 3699 495 3763 igitur
514 3707 541 3746 et
559 3696 686 3747 libertate
708 3695 869 3756 accedendi,
896 3713 948 3764 qua
967 3696 1037 3763 apud
1060 3699 1176 3766 impera-

88 3779 174 3820 torem
193 3769 327 3837 pollebat,
345 3769 424 3816 variis
442 3768 531 3818 effecit
550 3767 654 3817 technis
675 3775 705 3816 ut
730 3767 836 3817 tandem
854 3767 929 3816 ilium
949 3767 1059 3818 videret.
1097 3777 1175 3836 post·

88 3857 168 3909 quiam
189 3841 247 3889 eius
265 3847 432 3890 venustatem
453 3839 606 3906 conspexit,
623 3845 682 3888 totu
709 3839 791 3888 animi
808 3839 909 3906 impetn
929 3838 956 3887 in
975 3854 1091 3888 amorem
1111 3857 1172 3888 mu-

87 3912 162 3961 lieris
183 3910 256 3968 terri,
276 3918 303 3960 et
321 3911 389 3960 intra
411 3927 439 3959 se
458 3910 513 3960 tale
535 3907 672 3958 decretum
696 3908 792 3970 facere,
811 3918 858 3958 aut
878 3923 934 3957 eam
954 3909 1004 3958 sibi
1025 3909 1175 3960 ducendam

86 3997 200 4032 uxorem
227 3988 274 4030 aut
299 3979 491 4032 emoriendum.
538 3980 631 4048 itaque
660 3980 796 4048 extempio
827 3975 919 4030 literas
946 3988 973 4029 ct
1002 3980 1174 4047 petitionem,

87 4058 231 4120 praetento
251 4051 344 4101 bassae
364 4053 492 4111 nomine,
517 4049 552 4100 ad
569 4049 745 4118 patriarcham
764 4050 846 4112 misit,
867 4066 922 4119 quo
943 4049 1058 4117 benigna
1074 4051 1175 4102 vulun-

87 4131 145 4173 tate
164 4130 326 4190 potestatem
348 4122 406 4172 sibi
427 4121 566 4191 ducendae
582 4121 703 4173 mulieris
728 4121 812 4173 daret.
849 4120 999 4190 patriarcha
1017 4137 1079 4173 vero
1098 4123 1174 4172 nulla
1200 4119 1202 4123 ’
1290 4137 1295 4147 ’

115 4215 182 4271 Her.
196 4224 252 4286 μοι.
273 4215 321 4268 GP.
718 4295 724 4302 t
964 4214 979 4265 7
