2884 4775
463 213 752 311 τελειόταται
776 245 817 308 11.
1117 239 1191 311 eal

88 420 211 487 γειρεν·
239 400 544 487 ’δνδυμητικώτατος
564 403 626 489 γάρ
651 411 711 470 τοῦ
723 395 882 487 κακοῦσῆν
902 405 947 479 εἷς
969 401 1003 468 τό
1026 396 1135 492 άκρον,
1156 409 1194 472 οδ

5 508 6 581 l
89 502 152 587 μην
174 501 256 568 ditet
285 507 341 568 καί
362 504 592 590 δαιμονιώδης,
624 500 706 571 ώστε
727 531 774 580 τις
807 503 887 590 άνὴρ
916 506 955 570 τό
989 509 1062 571 θεία
1094 507 1194 593 σοφός

91 602 190 668 αὐτόν
210 603 464 689 προσηγόρευσεν
485 602 584 682 οδτως
609 606 706 671 εἰπών
727 609 869 688 ((Θαιμιῖς
892 604 908 670 ό
932 605 1083 692 δεσπότης
1108 615 1199 692 φιλεῖ

21 787 29 809 .
91 702 124 768 τό
149 698 262 788 άρχειυ
285 702 600 792 διόριλαργυρίαν,
630 704 673 782 ώς
695 706 890 802 φιλάργυρος
919 709 1037 789 α’δικεϊ,
1061 707 1102 782 ώς
1124 701 1193 771 dtr.

62 819 143 880 5κσς
164 813 348 888 πλεονεκτεῖ,
366 807 408 882 ώς
427 811 610 894 πλεονέκτης
635 807 781 892 ἁρπάζει,
804 809 845 883 ώς
869 804 974 892 ἅρπαξ
993 817 1194 895 συκοφαντεῖ,

91 905 135 982 σός
156 903 357 991 συκοφάντης
379 909 530 993 λοιδορεῖ,
558 909 601 985 ώς
623 911 765 994 λοίδορος
793 915 971 991 καταλαλεῖ,
996 910 1039 984 ι’ός
1058 899 1194 979 κατάλυ.
1219 897 1221 904 ¹

90 1013 144 1082 λος
172 1004 339 1093 φοβεῖται,
360 1009 404 1084 ώς
436 1012 645 1096 φοβιτζιάρης
676 1008 827 1095 φονεόει,
862 1009 903 1084 ώς
937 1011 1051 1095 φουεός
1072 1054 1080 1075 .
1105 1060 1111 1076 .
1135 1057 1143 1074 .
1165 1059 1192 1092 .,

90 1111 196 1195 πλανᾷ
214 1111 249 1174 δὲ
270 1109 313 1185 οδς
334 1110 459 1185 πλάνος.
501 1109 585 1195 τάχα
607 1114 706 1191 κτίζει
729 1112 783 1174 καί
803 1112 985 1194 ἐκκλησίας,
1007 1109 1063 1175 καί
1080 1106 1193 1196 ἑορτά.

92 1209 150 1289 ζει,
168 1211 226 1273 καί
245 1209 369 1292 ψυχικά
392 1212 505 1274 ποιεῖ.’-’

45 1311 83 1363 1⁰
195 1309 320 1374 Τσότων
340 1313 374 1375 δὲ
397 1307 500 1387 viror
522 1311 674 1395 ἑχόντων,
701 1317 744 1400 τῷ
764 1313 864 1396 6889,
898 1312 959 1374 α’πδ
985 1314 1020 1376 δδ
1046 1315 1193 1394 Χριστοῦ

93 1413 175 1476 1374
194 1409 269 1491 ἔτει,
291 1409 399 1493 λοιμός
419 1410 646 1507 θανατηφόρος
675 1416 708 1478 ἐν
728 1417 766 1502 τῇ
795 1411 884 1477 πόλει
906 1414 959 1498 τῆς
972 1409 1090 1497 ’Ἀρτης
1112 1415 1192 1496 γίνε·

90 1537 154 1591 ται,
175 1512 229 1576 καί
250 1516 374 1595 Πέτρος
395 1509 532 1591 Λεώσαξ
560 1513 576 1577 ό
608 1516 760 1598 δεσπότης
786 1511 944 1590 iidem-lev
966 1511 1095 1595 ἐγένετο.
1140 1513 1196 1578 καί

91 1609 176 1677 orico)
191 1610 374 1695 παραυτίκα
395 1610 540 1698 Ἰωάννης
555 1613 707 1698 δεσπότης
726 1614 881 1690 όΣπάτας
901 1617 936 1678 ἐκ
955 1615 1011 1679 τοῦ
1031 1607 1192 1701 Ἀχελῴου

91 1707 341 1798 παραγενόμενος
369 1713 426 1797 την
448 1707 573 1799 ”Aptae
600 1718 868 1800 παραλαμβάνει,
898 1714 978 1798 ἀνὴρ
1005 1713 1194 1797 δραστήριος

47 1816 148 1878 15καί
169 1812 207 1878 τά
231 1813 333 1877 πάντα
360 1814 524 1899 λαμπρός,
557 1813 638 1904 ἔργῳ
659 1817 714 1878 καί
737 1813 817 1902 λόγῳ
839 1813 1051 1896 κοσμούμενος
1074 1817 1129 1878 καί
1150 1819 1194 1899 τῷ

92 1912 197 1978 κάλλει
213 1913 459 1996 σεμνυνόμενος·
501 1920 624 1998 θεωρία
645 1914 705 1998 γάρ
736 1915 791 1978 καί
812 1919 925 1997 πρᾶξις
948 1908 987 1997 ἦν
1011 1914 1138 1998 άληθῶς
1160 1912 1194 1978 όν

93 2015 188 2102 αὐτῷ.
231 2014 311 2079 atti
331 2016 388 2111 καί
408 2008 498 2091 οδτος
532 2017 610 2080 κατά
640 2019 703 2080 τών
722 2017 905 2081 Ἰωαννίνων
935 2013 1120 2098 ὁρμώμενος
1139 2011 1194 2080 τόν

5 2142 6 2177 1
95 2116 215 2201 Θωμᾶν
235 2115 436 2202 παρηνώχλει
460 2118 515 2181 καί
532 2115 729 2204 διελῄστριζε
741 2164 751 2198 ,
770 2117 825 2180 καί
843 2119 985 2199 συνεχώς
1006 2110 1104 2179 αότόν
1125 2117 1194 2180 ε’να-
1300 2111 1302 2124 '

5 2234 6 2281 ξ
94 2219 227 2282 πὲκλειε.

25 2328 85 2389 ‘20
198 2322 263 2383 Turi
296 2319 415 2403 χρόνου
455 2322 490 2386 δὲ
510 2305 741 2405 παρελθόντος,
772 2321 825 2383 ε’πί
846 2317 937 2396 ἔτους
959 2319 1051 2401 6888,
1073 2319 1134 2383 α’πδ
1161 2321 1196 2384 δὲ

95 2424 239 2503 Χριστοῦ
266 2422 357 2502 1375,
379 2420 489 2503 λοιμός
517 2418 612 2484 πάλιν
642 2419 789 2505 δεότερος
823 2420 1047 2507 θαηατηφόρος
1075 2446 1111 2506 τη
1134 2423 1196 2485 τών

90 2515 276 2585 Ἰωαννίνων
298 2518 386 2584 πόλει
405 2525 526 2604 γίνεται
543 2524 654 2604 μέγας,
677 2522 732 2584 καί
751 2516 770 2605 ἢ
792 2517 936 2605 θυγάτηρ
960 2522 1057 2586 αότοῦ
1078 2516 1197 2605 Εἰρήνη

93 2624 138 2713 τῷ
160 2618 286 2710 θανάτῳ
306 2620 472 2687 δπέπεσεν.
516 2620 533 2687 δ
567 2625 602 2686 δὲ
626 2618 782 2707 δεσπότης
805 2622 930 2697 Σπάτας
957 2615 1015 2685 uite
1037 2617 1195 2687 ε’πιιόσατο

96 2935 328 3004 ingeniosissimus
350 2936 421 2987 enim
440 2943 498 2987 erat
519 2951 605 3005 usque
623 2934 658 2986 ad
678 2943 826 2986 extremum
851 2934 880 2986 in
899 2931 975 2984 malis
999 2929 1194 2999 excogitandis,

95 3018 179 3077 atque
200 3006 269 3060 adeo
286 3005 426 3058 daemonis
446 3008 546 3069 instar,
578 3008 616 3057 ita
643 3014 675 3057 ut
691 3007 732 3057 vir
751 3005 860 3075 quidum
883 3006 910 3055 iu
932 3003 1012 3054 rebus
1030 3001 1128 3053 divinis
1148 3020 1193 3053 ea-

95 3080 175 3149 piens
196 3097 256 3131 eum
278 3080 429 3150 appellaret
447 3078 488 3129 his
508 3078 606 3139 verbis,
625 3078 743 3130 Thomas
765 3085 893 3142 tyrannus
913 3083 984 3125 amat
1001 3090 1110 3140 regnum
1130 3091 1193 3143 pro-

96 3160 158 3220 pter
179 3152 312 3220 pecuniae
330 3147 498 3212 aviditatem,
517 3156 548 3199 ut
565 3150 697 3218 pecuniae
711 3146 806 3199 avidus
824 3148 925 3198 iniuste
947 3147 1009 3214 egit,
1029 3154 1058 3195 ut
1077 3146 1193 3197 iniustus

96 3231 138 3273 est
155 3221 328 3282 insatiabilis,
351 3229 381 3271 ut
400 3220 562 3271 insatiabilis
582 3220 745 3287 praedatur,
777 3228 808 3270 ut
826 3218 927 3289 praedo
947 3218 1140 3281 calumniatum
1164 3225 1195 3268 ut

95 3294 275 3344 calumniator
292 3290 443 3354 maledicit,
476 3300 506 3342 ut
523 3290 673 3343 maledicus
700 3299 808 3341 accusat
822 3329 838 3353 ‚.
858 3298 886 3341 ut
905 3297 1042 3340 accusator
1059 3288 1145 3351 timet,
1165 3298 1195 3341 ut

95 3365 206 3415 timidus
225 3371 334 3425 mactat,
354 3371 385 3414 ut
404 3371 536 3414 mactator
553 3398 561 3413 .
581 3398 588 3414 .
609 3398 634 3423 .,
655 3371 764 3430 vagatur
785 3370 875 3413 autem
895 3370 925 3413 ut
938 3360 1020 3412 homo
1039 3375 1128 3427 vagus,
1150 3359 1193 3411 in·
1282 3396 1284 3405 ,

96 3436 204 3488 terdum
222 3443 250 3486 et
271 3434 397 3485 ecclesias
416 3433 549 3497 aedificat,
570 3443 597 3486 et
623 3435 680 3485 dies
699 3434 783 3485 festos
802 3434 921 3485 celebrat
943 3441 970 3484 ct
987 3448 1061 3483 sacra
1084 3432 1156 3481 lacit.

197 3501 352 3575 Quae‘cum
372 3506 410 3566 {ra
429 3515 537 3568 essent,
551 3523 627 3566 ,anno
646 3505 735 3569 6882,
764 3522 788 3574 p.
810 3506 872 3556 Chr.
891 3522 919 3555 n.
941 3500 1017 3565 1374,
1038 3502 1195 3571 pestilentia
1256 3534 1258 3545 .

96 3577 236 3628 mortifera
254 3579 281 3627 in
303 3577 369 3627 urbe
388 3582 451 3629 Arta
471 3578 605 3640 exoritur,
634 3587 672 3629 et·
683 3579 775 3629 Petrus
795 3576 894 3628 Leosas
914 3574 1040 3625 dominus
1060 3573 1093 3624 ad
1113 3590 1194 3641 supe·

97 3647 399 3718 rosabiit‚statimq11e
424 3652 538 3700 loannes
565 3650 661 3717 Spatas
689 3656 817 3716 tyrannus
846 3665 878 3699 ex
904 3645 1022 3698 Acheloo
1050 3644 1194 3697 adveniens
1236 3693 1239 3702 ,

97 3724 188 3772 Artem
208 3728 339 3787 occupet,
357 3722 414 3783 vir,
445 3722 473 3770 in
494 3720 599 3787 agendo
628 3730 768 3790 promptus
793 3720 949 3790 etnorunino
977 3717 1100 3779 illustris,
1120 3722 1195 3770 rect

95 3791 188 3845 verbio
209 3791 339 3859 iusignis,
371 3799 397 3842 et
417 3792 620 3860 pulchritudine
651 3791 817 3851 celebratus,
836 3792 904 3841 ratio
923 3790 994 3841 enim
1013 3797 1040 3841 et
1060 3788 1128 3839 actio
1152 3804 1194 3837 ro-

96 3879 160 3913 vera
180 3863 204 3912 ei
223 3862 321 3913 inerat.
366 3863 414 3913 sed
443 3866 525 3914 etiam
545 3863 588 3913 hic
617 3872 709 3914 contra
729 3862 887 3913 loanninam
905 3862 1042 3931 proiectus
1063 3858 1194 3913 'shomam

96 3934 214 3985 vexabat
235 3943 263 3986 ct
282 3932 416 4003 privabat,
437 3943 465 3986 et
485 3935 617 3987 continuo
636 3952 697 3985 eum
716 3932 885 3987 includebat.

197 4006 332 4075 Tempore
349 4007 544 4075 praeterlapso,
565 4023 636 4057 anno
654 4005 739 4067 6883,
768 4023 794 4074 p.
815 4005 886 4056 chr:
901 4022 929 4055 n.
950 4004 1018 4057 1375
1038 4002 1195 4073 pestilentia

96 4094 189 4129 rursus
207 4078 291 4129 alteru
310 4093 406 4146 magna
425 4086 453 4130 et
470 4078 609 4131 mortifera
628 4078 657 4129 in
677 4077 743 4129 urbe
761 4077 892 4128 loanoina
913 4078 1050 4136 exoritur,
1069 4083 1096 4126 et
1117 4076 1194 4126 Irene

95 4148 153 4203 filia
173 4148 295 4204 Thomuc
312 4151 394 4203 morti
415 4144 551 4208 oc'cubuit.
589 4159 718 4220 tyrannus
736 4156 826 4205 autern
838 4150 933 4223 Sputus
953 4165 1008 4202 nou
1027 4146 1108 4203 desiit
1124 4161 1195 4199 rem.
