2884 4775
458 257 744 332 mennatum
770 268 813 334 ll.
1103 259 1176 338 235

76 421 230 510 δεσπότης
248 421 328 508 μετό
349 420 473 490 πόντων
486 415 531 490 ὧν
548 419 616 508 εἶχε
638 429 742 491 καλῶν
762 429 817 493 καί
838 431 929 494 τοῦτο
950 425 1105 515 delusisti,
1130 422 1180 493 ότι

76 526 133 594 τὸν
154 528 307 611 οἷρχιερόυ
330 530 422 591 πλέον
442 525 567 591 πόντων
588 519 696 608 η’γόπα
708 531 763 594 καί
783 528 897 616 ἐφιλει,
920 528 974 593 καί
994 525 1095 614 ἡδέως
1117 529 1179 596 ad.

79 633 136 696 τοῦ
160 621 266 715 η’κουε,
290 627 342 694 καί
363 628 483 714 είςτῆν
504 627 621 714 βουλήν
644 625 742 695 ου’τόν
762 638 1005 713 προσεκαλεῖτο·
1047 629 1121 706 ruric
1144 633 1180 700 δὲ

77 725 206 815 ἑτέρους
227 721 384 824 ἄρχοντας
415 732 471 815 τῆς
498 732 615 815 βουλῆς
637 726 737 795 adeost
766 731 923 810 ἐξελέξατο
946 724 1065 813 ἄνδρας
1086 753 1178 796 nove.

50 833 153 909 ῡτοός
174 830 230 897 καί
247 835 309 898 τοῖν
329 824 369 896 esi
389 827 568 915 γεγονότων.
612 836 667 898 καί
688 823 771 897 οότω
797 831 875 914 μετὰ
903 833 1062 916 σταθερός
1083 829 1180 918 γαλη-

80 957 136 1020 νης
157 935 265 1017 διῆγον
284 930 324 998 τό
341 932 509 999 Ἰωοὶννινα
531 934 585 998 ἐπί
603 933 742 1017 χρόνους
762 935 926 1016 τέσσαρας.

129 1079 131 1083 -
177 1036 225 1098 Ἐκ
245 1032 309 1100 ἔτει
327 1036 372 1098 δὲ·
385 1035 489 1116 6903,
518 1037 714 1111 ivdrsrsoivoc
744 1036 782 1114 3,
811 1036 1009 1119 Δεκεμβρίου
1033 1037 1090 1116 28,
1119 1033 1180 1100 οἷπό

81 1138 117 1202 δὲ
134 1138 278 1219 Χριστοῦ
294 1136 384 1216 1395,
406 1135 426 1219 ἦ
451 1132 556 1218 α’γαθῆ
570 1140 665 1219 κυρία
689 1135 708 1219 ἦ
730 1138 874 1218 μακαρία
894 1139 952 1201 καί
972 1134 1183 1219 εὐσεβεστάτη

79 1237 252 1328 βασίλισσα
274 1233 441 1318 Ἀγγελικὴ
460 1235 623 1328 Δσόκαινα
650 1233 670 1320 ἦ
692 1235 932 1317 Παλαιολογίνοι
959 1232 1016 1318 τὴν
1044 1235 1105 1300 ταῖν
1127 1237 1182 1302 orl·

34 1338 186 1421 τρροντόν
205 1334 372 1418 βασιλείαν
392 1338 451 1420 τῆς
466 1338 605 1420 ἐπιγείου
620 1338 802 1420 οἷντηλλαξε,
825 1341 881 1402 καί
903 1339 935 1403 ἐν
958 1339 1109 1427 μετανοίᾳ
1129 1335 1185 1402 καί

79 1435 297 1521 ἐξομολογήσει
318 1435 373 1502 καί
393 1443 526 1520 θερμοῖς
549 1441 697 1522 δακρύοις
718 1441 752 1502 ἐν
773 1438 880 1526 εἰρήνη
902 1436 1113 1526 α’νεπαόσατο,
1163 1434 1184 1519 η’

78 1542 189 1621 μέντοι
203 1539 301 1615 Ιπόλις
320 1540 382 1616 τῶν
401 1537 591 1607 Ἰωοιννίνοον
608 1538 651 1613 ὥς
672 1542 727 1604 ε’πί
742 1539 828 1625 κοινῇ
845 1541 1005 1622 τρέχουσα
1020 1541 1184 1628 συμφορᾷ,

81 1643 139 1705 ode
162 1632 230 1721 εἶχε
253 1641 360 1725 πράως
383 1645 437 1724 τῆς
457 1641 594 1726 φυσικῆς
609 1644 720 1722 κυρίας
742 1640 848 1706 adroic
867 1637 922 1724 την
944 1643 1093 1725 στέρησιν
1115 1643 1185 1704 due·-
1257 1699 1260 1704 .

80 1749 175 1825 γκεῖν,
197 1740 267 1804 ἀλλ’
289 1735 415 1830 α’θυμίρ
436 1743 597 1823 συνείχετο
621 1739 675 1804 καί
695 1741 825 1824 θρήνοις
846 1747 970 1818 πολλοῖς
991 1745 1046 1806 καί
1064 1749 1185 1824 γοεροίς

36 1841 226 1906 15όκόπτετο
248 1846 303 1907 καί
323 1841 475 1929 αἰόόρετο,
499 1841 555 1906 καί
574 1845 818 1906 συναποθέσθαι
841 1840 955 1916 πάντες
983 1838 1041 1924 τοὶς
1063 1839 1185 1906 ἑαυτῶν

82 1941 194 2031 ψυχας
224 1946 262 2031 τῇ
280 1941 389 2033 α’γαθῇ
422 1946 517 2028 κυρίη
549 1944 741 2028 προῄρηυτο.
785 1943 831 2018 τίς
851 1933 891 2004 όόν
911 1943 1062 2026 δυνηθείη
1085 1942 1185 2008 εἰπεῖν

1 2037 4 2044 ’
81 2042 158 2119 τοός
178 2044 311 2127 κρότους
331 2029 537 2127 τῆςάόλεως
565 2039 640 2116 τοός
662 2035 750 2121 τότε,
770 2042 846 2116 τοός
870 2035 999 2122 όμνους,
1021 2040 1078 2116 τὰς
1100 2048 1183 2121 λαμ·

83 2146 208 2226 παῖδας,
230 2145 289 2222 τὰς
311 2145 518 2234 ψαλμιρόιλτς,
539 2142 596 2219 τός
629 2143 708 2228 πρὸς
737 2143 894 2225 α’λληλους
924 2139 1110 2225 συμπλοκὰς
1131 2146 1187 2208 καί

83 2247 239 2331 θρήνους,
271 2246 458 2341 παμπληθρί
487 2249 708 2328 κοπτομένων,
741 2241 911 2310 κλαιόντων
941 2243 1105 2330 είρχόντων
1134 2247 1187 2309 καί

35 2347 290 2432 λθόρχομίνων,
311 2349 534 2431 πρεσβυτέρων
565 2345 622 2411 καί
638 2349 738 2427 νέων,
770 2349 928 2411 πλουσίων
959 2344 1186 2431 καίπουὴτων,

85 2448 203 2533 νηπίων
221 2450 276 2513 καί
291 2446 454 2533 γερόντων.
477 2445 641 2530 θάψαντες
664 2438 721 2513 cdv
743 2444 841 2533 ου’τὴν
865 2450 1009 2530 ἐντίμως,
1031 2447 1086 2512 καί
1105 2472 1188 2511 παν-

52 2600 55 2604 .
85 2552 191 2634 νυγοῖς
208 2548 308 2615 πολλοὶ
331 2546 457 2635 δάκρυα
476 2551 709 2633 καταχέαντες,
730 2548 823 2633 μόλις
841 2552 918 2617 ποτὲ
939 2550 1106 2615 πείθονται
1119 2551 1185 2613 ’τοῦ

1 2725 2 2730 ,
86 2647 193 2737 τόφου
216 2651 405 2738 α’ποστηναι.

87 2904 228 3027 piscoppm
246 2905 331 2973 magis
350 2920 432 2975 qnam
457 2921 549 2957 omnes
568 2903 706 2981 ¹diligebat
731 2912 760 2957 et
785 2904 906 2967 amabat,
930 2912 958 2956 et
983 2904 1101 2957 libenter
1126 2922 1188 2958 eum

88 2976 168 3029 audie
189 2985 232 3040 at,
253 2985 282 3029 et
307 2975 342 3028 ad
361 2977 500 3029 consilinm
530 2993 607 3027 suum
627 2976 795 3038 advocabat,
814 2984 918 3029 ceteros
941 2983 1030 3027 autern
1051 2978 1188 3047 principes

89 3048 258 3103 consiliisui
288 3048 370 3116 elegit
388 3050 459 3100 viros
479 3046 628 3117 prudentes
656 3056 734 3099 etex
752 3046 885 3098 nobilium
906 3046 1057 3115 generibus.
1105 3056 1188 3118 atque

88 3121 141 3173 hoc
161 3120 270 3191 quidem
290 3121 372 3173 modo
390 3122 419 3170 in
437 3120 512 3171 firma
527 3119 723 3189 tranquillitate
745 3120 876 3171 loannina
897 3135 946 3189 per
965 3135 1050 3173 anuos
1070 3130 1188 3191 quatuor

87 3194 223 3245 manebat
1084 3207 1088 3217 ¹

188 3266 267 3315 Auno
284 3261 364 3323 6903,
384 3260 540 3314 indictionis
558 3261 584 3324 3,
608 3261 653 3313 die
671 3260 706 3314 28
725 3262 824 3314 mensis
844 3261 1008 3325 Decembris,
1027 3280 1055 3331 p.
1071 3261 1137 3315 'Chn
1158 3279 1186 3317 n.

3 3365 4 3376 ι
91 3335 168 3397 1395,
189 3334 298 3387 domina
319 3333 400 3396 bona,
418 3336 510 3401 regina
529 3333 608 3385 beatu
627 3342 655 3385 et
669 3335 798 3404 piissima,
818 3334 945 3401 Angelica
964 3334 1121 3404 imperatrix
1140 3333 1189 3384 Pa-

88 3408 213 3475 lneuloga
226 3414 333 3457 terreno
346 3421 427 3473 regno
442 3422 551 3472 regnum
562 3405 681 3469 coeleste
699 3407 828 3471 mutavit,
850 3415 878 3457 et
896 3423 955 3457 cum
973 3406 1142 3475 poenitentia
1161 3413 1189 3458 et

89 3479 259 3530 confessione
283 3493 357 3529 sacra
389 3486 416 3528 et
435 3478 552 3528 lacrimis
578 3476 672 3529 calidis
692 3478 720 3528 in
748 3493 813 3547 pace
833 3486 938 3528 mortun
958 3486 1006 3529 est.
1044 3477 1188 3529 urbeveto

11 3592 16 3601 .
89 3550 222 3601 loanuina
248 3556 279 3599 ut
307 3549 336 3599 in
354 3550 490 3601 communi
509 3550 581 3600 malo
602 3549 750 3619 trepidans,
767 3566 845 3600 verae
865 3550 990 3600 dominae
1017 3566 1082 3601 snae
1100 3549 1189 3601 iactu-

92 3638 147 3671 ram
167 3621 259 3688 quiete
271 3619 342 3670 ferre
354 3638 409 3671 non
429 3629 543 3691 poterat,
563 3621 610 3672 sed
629 3623 710 3673 enimi
725 3620 878 3673 delectione
898 3621 1051 3682 tenebatur,
1074 3628 1103 3673 et
1120 3637 1189 3690 que·

89 3692 152 3743 relis
171 3692 264 3742 multis
283 3699 310 3741 et
329 3692 430 3743 miseris
445 3693 661 3762 affligebaturet
678 3693 888 3753 lamentabatur,
907 3700 935 3744 et
953 3694 1076 3744 amittere
1095 3709 1188 3745 omnes

90 3763 191 3814 animas
211 3779 271 3813 suas
294 3778 354 3813 cum
386 3763 496 3815 domina
523 3765 596 3815 bona
631 3765 769 3817 volebant.
817 3765 877 3833 quis
905 3765 1047 3833 plangores
1079 3780 1209 3815 narrare·

89 3835 185 3903 possit,
204 3834 252 3902 qui
271 3841 329 3885 turn
348 3834 450 3886 fiebant
467 3836 496 3886 in
515 3835 591 3898 urbe,
611 3838 727 3887 carmina
749 3835 893 3903 lugubria,
914 3836 994 3899 faces,
1014 3835 1187 3905 psalmodias,

90 3899 299 3957 lamentationes
325 3908 395 3956 inter
422 3923 451 3957 se
471 3910 626 3959 coniunctas
652 3908 820 3969 incolarum,
851 3908 898 3977 qui
924 3924 975 3959 uua
995 3907 1187 3977 seee'plange·

25 3988 39 4013 ‘
89 3978 165 4041 bant,
183 3994 242 4029 eum
255 3976 357 4029 ilereut
386 3978 521 4048 principes
548 3989 575 4032 et
595 3980 726 4042 subiecti,
744 3984 864 4031 seniores
893 3988 921 4031 et
940 3980 1070 4042 iuniores,
1090 3976 1187 4030 divites

89 4056 117 4101 et
136 4065 276 4117 pauperes,
298 4050 415 4101 inianter
434 4058 462 4103 et
481 4062 575 4117 senes,
590 4069 647 4104 cum
667 4054 747 4119 igitur
763 4068 821 4105 eom
841 4051 920 4120 digne
938 4052 1136 4120 sepelivissent,
1156 4058 1185 4103 et

88 4138 138 4192 per
155 4128 238 4174 totam
258 4131 367 4177 noctem
380 4122 504 4177 lacrimas
524 4125 622 4178 multas
643 4123 809 4190 effudissent,
828 4126 871 4179 vin
888 4121 997 4179 tandem
1021 4123 1053 4177 iis
1073 4137 1186 4195 persus·

90 4190 178 4260 detur,
197 4201 228 4250 ut
247 4210 262 4249 ι
284 4194 394 4268 tomulo
410 4194 593 4251 abscederent.
