2884 4775
486 330 488 341 Α
536 239 737 306 ronnei.
1034 265 1036 270 ·
1136 244 1178 313 ιι

95 394 188 474 μένης
209 390 244 455 δὲ
278 394 345 466 νέος
365 382 409 455 τόν
436 394 491 453 κατ’
519 393 668 474 μείρακος
695 398 817 475 τρέχων
845 393 971 477 ἡλικίαν
1005 378 1073 476 εἶρε
1096 393 1181 474 βιζί·

96 493 186 571 ριδας
210 488 468 575 φρονιμωτάτους
488 491 539 554 τόν
559 514 592 554 τε
611 494 835 556 Χαλιλπαοιᾶν
866 496 920 556 κατ’
938 496 1180 585 βλρεϊμποσιιῐν,

96 590 162 655 ἀλλ’
183 585 264 664 όλως
281 585 339 651 oris
361 582 472 672 ἤκουεν
494 590 594 655 αὐτῶν
615 593 648 656 ἐν
671 594 791 671 addest,
814 589 1002 673 εὀχολοὶζετο
1025 594 1060 657 δὲ
1080 618 1176 676 κυνη-

95 690 211 771 γεσίοις
229 687 284 751 καί
303 688 420 763 πότοις.
464 688 652 764 destinavere
672 694 707 755 δὲ
724 688 754 754 ot
774 696 838 755 τῶν
858 684 1009 773 Οόγγρων
1028 684 1180 774 δρχοντες

71 785 142 853 δὸτι
162 789 340 873 βασιλεύων
359 792 443 853 ἐστὶν
456 792 490 853 ἐν
510 791 692 873 Ἀγαρηνοϊς
713 795 782 865 νέος
803 791 858 854 καί
872 784 1002 874 ἄπειρος
1022 794 1179 871 πολέμων,

94 884 245 973 ὥρμησαν
268 884 345 953 susci
368 889 429 953 τεόν
454 889 643 971 Ἀγαρηναῖν.
686 889 719 955 τό
744 895 837 955 πλέον
864 894 899 958 δδ
919 894 1039 974 ἐγένετο
1059 894 1095 955 ε’νι
1114 916 1178 975 μη-

94 988 238 1069 νυμάτων
262 991 319 1051 τοῦ
349 991 505 1067 βασιλέως
536 990 590 1071 τῆς
609 987 730 1064 πόλεως
749 989 826 1072 πρὸς
857 989 912 1056 τόν
932 992 1033 1074 κράλη
1052 987 1178 1055 satri»

85 1079 217 1168 Ἴαγγον,
241 1082 278 1162 ός
298 1078 336 1169 ἦν
356 1085 454 1169 μέγας
475 1084 663 1172 στρατηγός,
684 1085 823 1165 εἰπόντος
848 1086 984 1173 ε’νόρκως
1005 1090 1063 1152 τοῦ
1081 1092 1176 1170 βασι-

93 1190 170 1263 λέως
191 1184 235 1261 ὥς
261 1182 319 1250 ε’όν
348 1188 485 1273 δυνηθῇς
513 1183 654 1268 ἐκβαλεῖν
685 1184 740 1251 τόν
758 1188 879 1273 ἐχθρόν
901 1189 991 1271 ἡμῶν
1011 1189 1046 1251 ἐκ
1065 1190 1176 1268 μέσου,

54 1284 125 1354 tori>
146 1290 270 1367 στέμμα
293 1288 348 1369 τῆς
370 1289 446 1369 ἐμῆς
463 1289 637 1367 βασιλείας
666 1288 758 1371 θήσω
792 1290 826 1351 δν
847 1290 885 1374 τῇ
912 1289 953 1374 σῇ
978 1290 1104 1374 κορυφῇ
1131 1283 1176 1362 ὥς

91 1383 304 1468 ἑλευθερωτην
324 1389 387 1449 τιδν
408 1389 612 1468 Χριστιανῶν
637 1391 689 1452 κατ’
711 1388 767 1471 τῆς
789 1391 923 1465 πίστεως
945 1383 1033 1471 ἡμῶν
1048 1388 1174 1476 lutilos,

91 1490 145 1550 κατ’
164 1487 256 1570 ἕτερα
279 1483 404 1569 ῥήματα
425 1481 520 1566 όμοια
534 1482 789 1567 ἐπαναγκόοαντα
810 1489 865 1551 κατ’
876 1490 1024 1553 πείσαντα
1044 1486 1173 1560 ου’τοός.

90 1584 238 1671 ἔφθασαν
261 1579 316 1650 οὖν
336 1583 527 1667 περάσαντες
548 1583 582 1649 ἔκ
601 1585 660 1648 τοῦ
687 1589 830 1667 ποταμοῦ
852 1586 995 1667 Δόνουβι
1012 1586 1093 1667 μετὰ
1117 1588 1175 1649 δυ-

90 1684 212 1766 νόμεως
227 1692 350 1769 πολλῆς,
369 1679 589 1768 λεηλατοῦντες
604 1685 661 1759 τὰς
674 1686 782 1767 χώρας
796 1689 853 1751 κατ’
868 1684 989 1771 κόοτρα
1004 1688 1058 1769 τῆς
1072 1690 1173 1749 Βουλ·
1210 1694 1212 1700 ’

52 1784 210 1868 ιογαρίας.
252 1785 420 1864 ὑπέκυψαν
442 1779 499 1850 οδν
519 1786 625 1861 ου’τοῖς
644 1783 757 1867 σχεδόν
775 1782 918 1850 ἅπαντα.
967 1783 1199 1857 κατελθόντεςδ

87 1889 184 1968 μέχρι
204 1883 333 1966 Βοὶρνας
354 1884 460 1966 αὐτῆς,
482 1888 659 1967 παρέλαβον
683 1886 718 1949 δὲ
740 1889 794 1949 καί
812 1884 929 1969 αότην,
951 1887 1014 1949 τοῖν
1030 1883 1173 1967 Ἀγαρη-

89 1988 149 2048 νῶν
173 1984 259 2072 πότῳ
279 1988 333 2049 κατ’
352 1988 543 2066 κυνηγεσίοις
556 1980 774 2066 προσεχόντων
787 1990 975 2066 βασιλικοῖς·
997 1990 1089 2070 φιλεῖ
1103 1983 1174 2066 γάρ,

89 2082 132 2158 τός
151 2086 233 2166 λέγει
253 2106 299 2157 τις
319 2087 381 2147 τῶν
398 2085 541 2145 παλαιῶν
560 2086 679 2168 σοφῶν,
701 2081 737 2147 τό
757 2082 894 2166 ὑπήκοον
926 2084 1032 2168 γνώμη
1054 2085 1094 2169 τῇ
1114 2085 1173 2146 τοῦ

89 2172 237 2265 ἄρχοντος
258 2184 391 2247 ἕπεσθαι
414 2184 469 2245 κατ’
487 2184 590 2262 βιοῦν.
632 2181 755 2247 τούτων
776 2185 812 2246 δὲ
830 2180 913 2248 οὕτω
931 2184 1090 2267 τηνοίλλως
1109 2202 1172 2267 φε-

51 2285 247 2362 οορομένοιν,
274 2282 396 2356 ἰδόντες
423 2279 454 2345 οἱ
473 2281 628 2365 βεζίριδες
649 2275 698 2345 ότι
724 2277 1022 2367 καταπατηδήοεται
1041 2286 1129 2346 πᾶσα
1151 2282 1171 2363 ἦ

90 2378 179 2458 δόσις
195 2380 271 2463 μετὰ
292 2380 430 2467 μεγάλης
451 2383 552 2466 σ’ρμῆς
568 2383 621 2447 κατ’
643 2380 892 2467 οέπολεσδηοεται
912 2379 1027 2468 ἦδρχὴ
1048 2388 1173 2463 αὐτῶν,

162 2541 188 2594 2.
204 2544 287 2613 χαλλκ
304 2542 448 2603 nactast}

88 2686 174 2749 dens,
194 2686 309 2739 vivebat.
354 2687 473 2738 soltanus
493 2683 674 2749 Meclsemeta,
694 2693 724 2738 ut
741 2685 917 2748 adolescens,
950 2684 1054 2738 levibus
1079 2701 1173 2755 pascs-

87 2757 168 2809 batur
200 2759 296 2809 ventis.
352 2757 469 2809 babebat
500 2757 523 2809 is
557 2757 666 2827 quidem
700 2758 795 2808 visiros
826 2775 873 2809 seu
899 2757 1074 2808 'consiliarios
1106 2774 1172 2826 pru·

89 2828 278 2891 dentissimos,
315 2827 507 2880 Chalilbassam
538 2836 566 2880 et
595 2827 775 2880 Preihassam:
808 2828 855 2878 sed
892 2845 1000 2896 prorsus
1036 2827 1111 2878 nnlla
1144 2827 1172 2876 in
1257 2823 1260 2828 ’

89 2916 116 2950 re
147 2899 205 2952 illis
231 2899 393 2958 obediebat,
428 2916 458 2950 ac
492 2907 595 2952 tanturn
626 2898 814 2950 venationibus
843 2901 1025 2968 conviviisque
1049 2896 1172 2948 vacabat.

88 2971 187 3038 Ungari
217 2971 310 3040 itaque
344 2971 471 3023 certiores
507 2970 570 3020 lacti
596 2971 634 3020 rei
663 2971 793 3020 Turcicae
827 2970 1008 3038 praepositum
1037 2984 1094 3018 esse
1121 2965 1173 3019 bo·

87 3043 187 3094 minem
209 3041 418 3104 adolescentem,
439 3041 597 3111 disciplinae
615 3041 739 3091 militaris
763 3040 934 3108 imperitum,
952 3040 982 3089 in
1001 3038 1104 3088 bellom
1125 3037 1173 3088 ad·

88 3129 178 3164 versos
197 3115 331 3180 Agarsnos
353 3112 474 3164 ruebant.
517 3110 546 3162 id
568 3111 697 3179 precipue
726 3110 883 3161 factumest
907 3110 1075 3179 imperatoris
1094 3109 1173 3159 loan-

88 3184 129 3234 nis
150 3183 238 3234 literis
258 3192 285 3234 et
303 3183 399 3249 legatis
419 3183 451 3234 ad
473 3182 602 3250 Ungariae
621 3197 708 3247 regern
725 3190 753 3233 et
772 3182 896 3232 loannem
913 3179 1073 3243 liuniadem,
1093 3195 1172 3248 prae-

88 3253 281 3305 stantissimum
299 3253 365 3305 belli
385 3254 488 3306 ducem.
523 3253 627 3304 dixerat
644 3251 694 3302 sub
716 3252 847 3318 religione
865 3251 1036 3302 iurisiurandi
1053 3252 1173 3319 impers-

87 3333 127 3376 tor
146 3326 187 3375 “si
207 3325 310 3394 poteris
329 3325 432 3377 hostem
452 3331 572 3375 nostrum
591 3323 696 3392 Europa
726 3321 884 3381 exturbare,
905 3338 1029 3374 coronam
1048 3337 1097 3388 ego
1112 3337 1172 3371 ma-

86 3397 191 3448 iestatis
211 3411 287 3446 meae
306 3397 387 3464 capiti
406 3403 453 3447 tuo
473 3397 617 3466 imponam,
644 3401 672 3445 ut
693 3393 832 3444 liberatori
851 3392 1062 3444 Christianorum
1080 3399 1109 3443 et
1126 3406 1173 3442 eo-

87 3468 196 3518 lumnae
216 3467 351 3534 religionis
369 3468 502 3519 nostrae.’¹
539 3463 680 3516 addiderat
700 3474 728 3516 et
756 3463 784 3514 id
806 3477 887 3531 genus
906 3465 968 3526 alia,
985 3463 1038 3514 vim
1056 3461 1092 3513 ad
1108 3479 1172 3530 per-

87 3537 256 3590 suadendum
275 3537 402 3590 habentia
424 3540 550 3607 ipsosque
569 3536 701 3603 cogentia.
747 3534 945 3587 descenderunt
964 3535 1054 3601 igitur,
1072 3533 1171 3583 flumen

86 3608 244 3661 Danubium
263 3610 363 3668 secuti,
393 3625 453 3660 cum
472 3624 565 3675 magno
586 3608 719 3672 exercitn5
739 3605 957 3674 traiicientesque
974 3609 1003 3655 in
1021 3604 1172 3670 Bnlgariam

88 3696 117 3731 ex
137 3680 210 3749 agris
230 3688 257 3731 et
289 3679 396 3749 oppidis
423 3678 535 3750 praedas
559 3686 680 3746 egerunt.
721 3685 859 3729 cesserunt
883 3677 948 3746 ipsis
970 3692 1055 3745 prope
1073 3675 1173 3736 omnia,

86 3767 252 3821 quocunque
272 3753 404 3803 venirent.
440 3749 492 3801 hoc
517 3749 599 3800 modo
619 3749 735 3798 Varnam
753 3763 839 3816 usqne
858 3747 988 3815 progressi
1007 3763 1066 3797 sam
1087 3746 1171 3814 ipsam

85 3830 262 3890 occuparunt,
281 3821 343 3872 dum
362 3821 492 3873 conviviis
507 3819 749 3888 venationibusque
767 3819 879 3885 Agareni
898 3818 1020 3886 exemplo
1040 3817 1108 3884 regis
1128 3816 1171 3866 sni

84 3893 237 3960 indulgent.
274 3902 303 3944 ut
333 3895 403 3943 enim
422 3892 494 3961 apud
513 3891 646 3962 quendam
671 3891 819 3958 priscorum
838 3890 990 3958 sapientum
1008 3897 1058 3951 est,
1077 3888 1172 3957 quales

84 3963 111 4014 iu
131 3963 272 4032 republica
292 3972 353 4014 sunt
375 3964 524 4033 principes,
555 3963 622 4015 tales
641 3961 694 4030 ipsi
712 3977 822 4030 quoqne
840 3961 929 4011 solent
949 3977 1005 4010 esse
1026 3961 1106 4010 cives.
1142 3959 1172 4010 in

81 4035 132 4085 hac
153 4033 358 4104 perturbatione
378 4051 474 4092 rerum,
494 4052 552 4085 cum
574 4049 696 4102 proceres
711 4033 734 4082 T
737 4032 818 4081 urcici
837 4032 958 4082 viderent
975 4040 1050 4082 tanto
1068 4032 1171 4099 impetu

81 4105 259 4159 Occidentem
279 4106 462 4157 conculcatum
482 4107 513 4155 iri
533 4121 662 4173 utrimque
676 4104 818 4172 imperium
838 4105 994 4172 peritorum,
1014 4103 1056 4153 his
1076 4102 1110 4153 de
1129 4118 1170 4152 re·
