2884 4775
268 233 339 303 188
711 230 911 297 uisnonut

205 380 384 466 175θρόνου
406 384 526 469 ου’τοῦ,
553 379 604 443 διά
636 377 676 442 vd
700 376 823 459 κάμουν
851 376 1061 459 πατριάρχιγν.
1106 378 1162 440 καί
1179 378 1250 460 daei
1270 379 1304 440 έν
1325 379 1364 463 τῇ

265 478 389 567 συνόδῳ
410 481 572 563 ἀπέφηναν
595 477 772 571 direptione
794 476 854 563 μιᾷ
875 478 977 559 βουλῇ
1002 473 1057 537 καί
1078 473 1195 561 γνώμῃ,
1216 478 1271 537 καί
1291 472 1364 538 ἔκο-

265 595 333 658 ψαν
355 577 467 643 τὸτοῦ
487 578 630 656 Σίμωνος
653 574 922 658 παρανομώτατον
954 571 1009 635 καί
1030 572 1239 653 ἀσεβέστατον
1261 574 1363 657 ἔργον,

266 670 363 760 ἤγουν
382 673 421 739 νά
451 678 551 756 μηδὲν
577 676 728 754 έπέρνουν
751 676 886 757 φλωριά,
918 669 993 734 ὅταν
1013 670 1150 748 κάμνουν
1167 671 1363 751 χειροτονία,

268 773 349 837 eard
372 772 432 857 rije
452 773 616 855 ἀπόφασιν
644 774 708 835 τῶν
727 773 824 833 θείων
846 768 900 833 καί
920 766 1013 849 ἱερῶν
1036 768 1182 847 κανόνων,
1201 775 1258 831 τοῦ
1279 772 1390 833 τίκα-5

268 876 347 937 orori
366 870 496 935 έννάτου
517 874 572 932 καί
592 874 650 933 τοῦ
671 872 870 953 τριακοστοῦ.
913 869 943 931 εἰ
963 870 998 929 δὲ
1019 870 1073 930 καί
1090 861 1196 941 duneng
1218 872 1280 931 raia
1304 867 1364 950 ἀρ-

264 972 401 1054 χιερέων
424 971 547 1052 παρέβη
577 968 713 1042 τούτους
736 967 811 1041 τούς
832 964 981 1043 κανόνας,
1009 964 1048 1029 rei
1070 962 1140 1029 έναι
1163 964 1365 1029 ου’τοιιαθαί-

268 1091 367 1151 ρετος.
392 1072 485 1149 ,περί
503 1070 537 1131 δέ
557 1071 614 1130 τοῦ
627 1068 813 1147 έμβατικίυυ
834 1064 1060 1147 έσυγχάρησαν
1080 1063 1119 1128 νά
1142 1063 1176 1127 τὸ
1200 1068 1364 1148 έπέρυουν.

268 1161 369 1249 ciria
390 1164 556 1239 κολάσεως.
601 1168 658 1227 τοῦ
679 1169 778 1228 κακοῦ
793 1166 924 1245 δένδρου
949 1162 1092 1239 έτίναξιιν
1111 1162 1149 1227 roi
1172 1161 1289 1247 φύλλα,
1310 1162 1367 1225 καί

268 1262 389 1346 ἔκοψαν
410 1262 485 1337 rode
506 1262 641 1338 κλάδους
660 1262 716 1327 eni
740 1262 775 1326 τὸ
800 1265 939 1345 δένδρον,
961 1263 1015 1324 καί
1035 1259 1092 1345 τήν
1112 1258 1205 1346 ῥίζαν
1224 1263 1366 1346 ἀφῆκαν,
1378 1273 1410 1323 10

269 1355 366 1445 ἤγουν
387 1359 422 1425 τὸ
442 1362 642 1441 Σιμωνιακόν
662 1364 724 1425 τῶν
741 1364 943 1447 χειροτονιῶν
964 1357 1101 1440 ἔκοψαν,
1122 1359 1180 1443 τῆν
1201 1363 1236 1424 δὲ
1256 1359 1365 1442 ῥίζαν,

268 1464 408 1525 τουτέστι
429 1460 463 1524 τὸ
488 1462 676 1542 inflatricem,
698 1463 831 1546 ἀφῆκαν,
857 1463 912 1523 καί
933 1460 1027 1523 πάλιν
1047 1460 1205 1543 βλαστάνη
1225 1459 1281 1522 καί
1305 1462 1367 1521 ου’-

178 1552 193 1643 Ἰ
273 1555 350 1641 ξάνη
383 1561 439 1640 τῆς
469 1558 626 1632 κολάσεως
658 1556 691 1621 τέ
725 1562 865 1640 δένδρον.
906 1557 961 1621 καί
990 1557 1145 1622 ἀκούσατε
1165 1562 1198 1621 τί
1216 1562 1298 1640 λέγει
1321 1560 1368 1631 εἰς

270 1654 328 1730 τάς
348 1656 478 1737 πράξεις
510 1659 572 1720 τῶν
601 1656 699 1738 ἁγίων
731 1654 921 1720 ἀποστόλων.
980 1657 1177 1735 θεασάμενος
1200 1658 1235 1718 δὲ
1259 1658 1369 1735 Σίμων

270 1750 288 1816 o‘
306 1755 407 1835 μα’γος
440 1748 488 1817 ὅτι
515 1753 569 1817 διὰ
600 1758 656 1837 τῆς
674 1757 845 1829 ἐπιθέσεως
867 1758 928 1817 τῶν
958 1761 1076 1837 χειροῖν
1099 1758 1160 1819 τῶν
1181 1755 1368 1818 ἀποστόλων
1380 1768 1413 1818 15

271 1850 457 1916 δίδοται-τέ
481 1856 606 1933 πνεῦμα
628 1851 663 1915 τὸ
694 1848 793 1934 ἀγιον,
815 1852 909 1937 ἔφερε
938 1853 1100 1936 χρήματα,
1121 1856 1261 1919 τουτέστι
1280 1858 1370 1937 piro-

271 1954 336 2036 ριά,
359 1945 498 2016 saisiret
522 1955 585 2014 τῶν
607 1950 788 2017 ἀποστόλων
808 1950 896 2014 “δότε
916 1952 972 2015 καί
982 1954 1037 2032 ἐμὲ
1050 1952 1104 2035 τήν
1126 1954 1272 2028 ἐξουσίαν
1293 1954 1371 2014 rord-

272 2074 338 2133 την,
360 2049 412 2113 ἵνα
433 2052 478 2123 εἰς
498 2051 624 2131 ἐκεῖνον,
647 2046 726 2111 diroti
747 2052 832 2129 βάλω
853 2047 890 2114 τοὶ
911 2053 1007 2134 χεριίι
1030 2050 1161 2130 μου,υά
1185 2047 1314 2131 ἔρχεται
1333 2047 1369 2111 τὸ

275 2153 402 2228 πνεῦμα
439 2145 475 2212 τὸ
500 2144 618 2231 ἅγιον.”
676 2147 748 2211 ὅδὲ
770 2148 941 2223 ἀπόστολος
966 2152 1091 2232 Πέτρος
1118 2142 1186 2213 εἷπε
1207 2148 1286 2231 πρὸς
1306 2146 1370 2210 od.

272 2246 328 2311 τὸν
350 2245 406 2310 “rii
443 2247 592 2331 ἀργύριόν
624 2255 701 2310 σου”
729 2243 825 2330 ἤγουν
854 2247 891 2311 τά
916 2249 1043 2333 epicinia
1064 2270 1123 2312 σου
1152 2249 1228 2309 “norr'
1249 2243 1306 2311 e’ori
1330 2242 1413 2310 vdeo

272 2336 329 2429 ἧσε
353 2347 574 2431 ἀφωρισμένος
595 2344 649 2408 καί
670 2348 964 2426 ἀναδιματισμένος
989 2348 1033 2422 εἰς
1055 2345 1111 2430 τήν
1134 2344 1293 2411 ἀπώλειαν
1313 2348 1370 2410 τοῦ

275 2445 406 2509 αἰωνίου
429 2446 539 2530 πυρός,
564 2443 646 2508 διότι
661 2446 829 2526 έλυγίοισες,
851 2444 886 2509 τὸ
902 2443 1126 2534 χάρισμασοῦ
1147 2448 1226 2508 θεοῦ
1246 2445 1371 2508 δίδοται

279 2776 333 2832 qno
360 2759 388 2810 hi
413 2763 468 2814 suis
498 2764 579 2829 locis,
607 2783 655 2834 pro
684 2765 816 2833 dignitate
846 2767 966 2818 muneris
992 2766 1033 2817 eui
1052 2766 1226 2817 ecclesiastici
1246 2766 1372 2835 quisque,

279 2831 459 2884 consederunt
483 2837 649 2902 patriarchae
677 2836 795 2886 faciendi
814 2853 901 2891 causa.
948 2847 1014 2888 tunc
1034 2854 1086 2887 una
1107 2837 1256 2906 eademqne
1279 2845 1372 2887 mente

279 2911 308 2954 et
327 2919 392 2954 voce
411 2903 547 2956 decretum
566 2907 605 2956 ibi
633 2905 667 2956 ab
687 2909 726 2957 eis
744 2907 844 2957 sactum
864 2917 920 2968 est,
944 2925 998 2978 qno
1017 2907 1133 2958 Simonis
1152 2907 1374 2958 scelestissimum

279 2968 481 3044 impietatisque
500 2976 611 3045 pienum
636 2977 733 3028 vitium
754 2976 965 3038 excindebantur,
987 2977 1116 3028 videlicet
1132 2994 1167 3027 ne
1186 2978 1270 3028 uilem
1289 2993 1374 3046 cape-

280 3051 341 3095 rent
361 3045 389 3095 in
408 3044 641 3111 designatiouibus
660 3048 822 3116 pecuniam,
851 3047 898 3098 sed
921 3048 1072 3098 divinorum
1091 3057 1118 3098 et
1134 3065 1268 3098 sacrorum
1288 3065 1376 3098 cano-

279 3131 366 3176 num,
387 3116 506 3167 vicesimi
534 3119 599 3168 noui
627 3127 655 3169 et
676 3119 824 3185 trigesimi,
848 3120 1008 3170 sententiam
1031 3119 1186 3170 inviolatam
1214 3119 1374 3168 retinerent.

281 3185 379 3254 quodsi
396 3185 475 3246 nilne,
496 3189 652 3256 quicunqne
672 3199 760 3251 esset,
779 3190 932 3257 praesulum
962 3188 1012 3239 hos
1030 3204 1146 3238 canones
1165 3190 1300 3248 transiret,
1321 3191 1374 3238 iam

280 3263 338 3306 tum
358 3271 406 3321 per
422 3272 450 3304 ιο
482 3257 620 3307 iunctione
639 3261 758 3310 muneris
786 3260 828 3309 sui
847 3259 982 3310 deiectum
1003 3275 1062 3308 esse
1083 3259 1260 3310 nihilominus
1282 3267 1376 3308 tamen

281 3323 453 3374 embaticium
469 3324 546 3392 (doni
564 3328 653 3377 nescio
667 3329 744 3397 quid,
763 3329 837 3398 quod
858 3330 937 3381 initio
956 3327 1075 3396 daretur)
1096 3330 1179 3398 accipi
1199 3329 1346 3397 permisere
1359 3347 1376 3379 o

279 3392 474 3459 indulgentiam
488 3397 584 3463 poenis
596 3396 702 3462 diguam
714 3400 799 3449 malae
813 3399 914 3450 arboris
926 3398 1065 3450 decussere
1079 3398 1153 3462 solia,
1166 3406 1193 3449 et
1204 3416 1288 3449 ramos
1299 3400 1377 3448 exci-

281 3462 388 3526 derunt,
400 3471 481 3535 atque
493 3467 576 3534 ipsam
593 3466 661 3517 adeo
676 3469 814 3519 arborem:
837 3470 884 3520 sed
899 3470 1014 3520 radicem
1026 3469 1201 3538 reliquerunt.
1218 3468 1292 3537 quod
1303 3468 1376 3529 dico,

282 3533 333 3583 hoc
353 3541 402 3584 eet.
422 3534 646 3588 nundinationem
663 3538 774 3606 quidem
787 3540 965 3590 simoniacam
982 3539 1183 3590 ordinationum
1201 3546 1378 3608 amputarunt

192 3637 197 3642 -
284 3601 333 3654 eod
351 3603 475 3668 radicem,
495 3623 592 3675 nempe
610 3625 706 3658 niunus
725 3607 798 3679 quod
818 3610 897 3661 initio
918 3611 1005 3672 datur,
1027 3611 1203 3679 reliquerunt,
1224 3619 1254 3660 ut
1271 3610 1378 3659 scilicet

283 3690 320 3724 ne
338 3672 446 3726 deesset
464 3693 543 3726 carisa
563 3696 651 3729 rursus
672 3669 841 3746 germinandi
866 3688 894 3731 et
911 3680 1049 3731 crescendi
1068 3680 1219 3749 punitionis
1238 3678 1311 3748 apud
1331 3681 1377 3728 in-

285 3745 357 3795 seros
383 3744 481 3797 arbori,
529 3747 620 3799 audite
648 3749 716 3818 qnid
744 3752 773 3800 in
801 3749 872 3801 libro
900 3758 1019 3802 actorum
1036 3751 1231 3818 *apostolorum
1260 3749 1376 3799 dicatur.

283 3830 344 3866 cum
370 3816 482 3867 vidisset
511 3827 600 3868 autem
630 3819 721 3870 Simon
749 3837 797 3887 per
826 3821 1026 3890 impositionem
1044 3838 1170 3872 manuum
1190 3820 1379 3889 apostolorum

285 3885 343 3934 dari
363 3887 486 3954 spiritum
506 3897 644 3951 sanctum,
673 3889 774 3941 obtulit
798 3891 847 3952 eis,
865 3893 1008 3960 pecunias,
1026 3908 1056 3941 ac
1076 3890 1144 3942 disit
1161 3889 1244 3940 “date
1263 3899 1291 3941 et
1308 3889 1379 3939 mihi

284 3963 464 4024 potestatem,
490 3966 519 4009 ut
541 3960 575 4010 nd
594 3960 688 4021 ilium,
717 3962 868 4029 cuicunque
892 3979 986 4013 manue
1012 3979 1084 4012 meas
1104 3964 1267 4029 imposuero,
1285 3962 1381 4011 veniat

285 4035 392 4078 sanctus
422 4029 557 4096 spiritus.’'
591 4032 684 4082 Petrus
706 4046 769 4082 vero
799 4031 867 4083 ‹tirit
891 4032 915 4082 ei
945 4034 1075 4100 pecuniae
1108 4041 1170 4082 tuae
1191 4039 1264 4092 ettu
1284 4031 1344 4080 sitis
1365 4049 1381 4080 a

285 4098 471 4150 communione
501 4100 606 4168 piorum
630 4103 760 4169 segregati
790 4111 817 4153 et
845 4103 875 4153 in
905 4103 1015 4154 exitium
1037 4103 1139 4154 aeterni
1157 4102 1227 4170 ignis
1247 4102 1380 4164 execrati,
