<?xml version="1.0" encoding="UTF-8"?>
<!DOCTYPE html PUBLIC "-//W3C//DTD XHTML 1.0 Transitional//EN"
    "http://www.w3.org/TR/xhtml1/DTD/xhtml1-transitional.dtd">
<html xmlns="http://www.w3.org/1999/xhtml" xml:lang="en" lang="en">
 <head>
  <title>
</title>
<meta http-equiv="Content-Type" content="text/html;charset=utf-8" />
  <meta name='ocr-system' content='tesseract 3.04.00' />
  <meta name='ocr-capabilities' content='ocr_page ocr_carea ocr_par ocr_line ocrx_word'/>
</head>
<body>
  <div class='ocr_page' id='page_1' title='image "./historiapolitic01bekkgoog_0248.png"; bbox 0 0 2884 4775; ppageno 0'>
   <div class='ocr_carea' id='block_1_1' title="bbox 258 265 990 342">
    <p class='ocr_par' dir='ltr' id='par_1_1' title="bbox 258 265 990 342">
     <span class='ocr_line' id='line_1_1' title="bbox 258 265 990 342; baseline -0.003 -2"><span class='ocrx_word' id='word_1_1' title='bbox 258 265 333 342; x_wconf 79' lang='lat'>236</span> <span class='ocrx_word' id='word_1_2' title='bbox 638 275 695 339; x_wconf 82' lang='lat' dir='ltr'>DE</span> <span class='ocrx_word' id='word_1_3' title='bbox 725 273 853 340; x_wconf 74' lang='lat' dir='ltr'>utatis</span> <span class='ocrx_word' id='word_1_4' title='bbox 884 271 990 339; x_wconf 71' lang='lat' dir='ltr'>aurat</span> 
     </span>
    </p>
   </div>
   <div class='ocr_carea' id='block_1_2' title="bbox 255 433 1405 2137">
    <p class='ocr_par' dir='ltr' id='par_1_2' title="bbox 255 433 1405 2137">
     <span class='ocr_line' id='line_1_2' title="bbox 360 433 1360 523; baseline -0.002 -19"><span class='ocrx_word' id='word_1_5' title='bbox 360 438 474 504; x_wconf 87' lang='grc' dir='ltr'><strong><em>Πολλά</em></strong></span> <span class='ocrx_word' id='word_1_6' title='bbox 505 440 540 502; x_wconf 79' lang='grc' dir='ltr'><strong><em>δέ</em></strong></span> <span class='ocrx_word' id='word_1_7' title='bbox 571 437 735 523; x_wconf 76' lang='grc' dir='ltr'><strong><em>θρηνήσας</em></strong></span> <span class='ocrx_word' id='word_1_8' title='bbox 764 435 823 502; x_wconf 78' lang='grc' dir='ltr'><strong><em>καί</em></strong></span> <span class='ocrx_word' id='word_1_9' title='bbox 837 435 999 520; x_wconf 74' lang='grc' dir='ltr'><strong><em>πενθήσας</em></strong></span> <span class='ocrx_word' id='word_1_10' title='bbox 1031 433 1187 523; x_wconf 84' lang='grc' dir='ltr'><strong><em>δταάτης</em></strong></span> <span class='ocrx_word' id='word_1_11' title='bbox 1208 435 1360 515; x_wconf 84' lang='grc' dir='ltr'><strong><em>σάνευνος</em></strong></span> 
     </span>
     <span class='ocr_line' id='line_1_3' title="bbox 255 535 1356 625; baseline 0.001 -21"><span class='ocrx_word' id='word_1_12' title='bbox 255 540 384 622; x_wconf 68' lang='grc' dir='ltr'><strong><em>Ἠσαῦ,</em></strong></span> <span class='ocrx_word' id='word_1_13' title='bbox 411 543 465 604; x_wconf 90' lang='grc' dir='ltr'><strong><em>καί</em></strong></span> <span class='ocrx_word' id='word_1_14' title='bbox 494 542 657 616; x_wconf 78' lang='grc' dir='ltr'><strong><em>ἐκτελέσας</em></strong></span> <span class='ocrx_word' id='word_1_15' title='bbox 689 538 747 616; x_wconf 88' lang='grc' dir='ltr'>τάς</span> <span class='ocrx_word' id='word_1_16' title='bbox 776 544 949 620; x_wconf 74' lang='grc' dir='ltr'>πενθίμους</span> <span class='ocrx_word' id='word_1_17' title='bbox 982 535 1103 625; x_wconf 71' lang='grc' dir='ltr'><strong><em>ἡμέρας</em></strong></span> <span class='ocrx_word' id='word_1_18' title='bbox 1135 542 1251 624; x_wconf 63' lang='grc' dir='ltr'><strong><em>α’ξίως,</em></strong></span> <span class='ocrx_word' id='word_1_19' title='bbox 1279 542 1356 620; x_wconf 88' lang='grc' dir='ltr'><strong><em>μετά</em></strong></span> 
     </span>
     <span class='ocr_line' id='line_1_4' title="bbox 256 637 1358 725; baseline 0.002 -21"><span class='ocrx_word' id='word_1_20' title='bbox 256 638 375 724; x_wconf 82' lang='grc' dir='ltr'><strong><em>χρόνον</em></strong></span> <span class='ocrx_word' id='word_1_21' title='bbox 406 637 475 714; x_wconf 80' lang='grc' dir='ltr'><strong><em>ένδς</em></strong></span> <span class='ocrx_word' id='word_1_22' title='bbox 506 640 715 725; x_wconf 74' lang='grc' dir='ltr'><strong><em>παραδρομὴν</em></strong></span> <span class='ocrx_word' id='word_1_23' title='bbox 755 641 945 724; x_wconf 77' lang='grc' dir='ltr'><strong><em>η’ναγκάζετο</em></strong></span> <span class='ocrx_word' id='word_1_24' title='bbox 979 639 1066 722; x_wconf 84' lang='grc' dir='ltr'><strong><em>παρά</em></strong></span> <span class='ocrx_word' id='word_1_25' title='bbox 1097 644 1158 706; x_wconf 74' lang='grc' dir='ltr'><strong><em>ταῖν</em></strong></span> <span class='ocrx_word' id='word_1_26' title='bbox 1195 641 1358 724; x_wconf 84' lang='grc' dir='ltr'><strong><em>α’ρχόντων</em></strong></span> 
     </span>
     <span class='ocr_line' id='line_1_5' title="bbox 260 740 1360 827; baseline 0 -22"><span class='ocrx_word' id='word_1_27' title='bbox 260 741 359 806; x_wconf 74' lang='lat' dir='ltr'>nitori</span> <span class='ocrx_word' id='word_1_28' title='bbox 378 744 434 804; x_wconf 88' lang='grc' dir='ltr'><strong><em>καί</em></strong></span> <span class='ocrx_word' id='word_1_29' title='bbox 462 744 521 804; x_wconf 76' lang='grc' dir='ltr'>τοῦ</span> <span class='ocrx_word' id='word_1_30' title='bbox 541 742 717 825; x_wconf 71' lang='grc' dir='ltr'><strong><em>ἀρχιερέως</em></strong></span> <span class='ocrx_word' id='word_1_31' title='bbox 746 744 790 817; x_wconf 83' lang='grc' dir='ltr'>εἰς</span> <span class='ocrx_word' id='word_1_32' title='bbox 810 741 847 807; x_wconf 86' lang='grc' dir='ltr'>τά</span> <span class='ocrx_word' id='word_1_33' title='bbox 877 742 956 823; x_wconf 83' lang='grc' dir='ltr'><strong><em>πρὸς</em></strong></span> <span class='ocrx_word' id='word_1_34' title='bbox 981 740 1136 806; x_wconf 85' lang='grc' dir='ltr'><strong><em>σάστασιν</em></strong></span> <span class='ocrx_word' id='word_1_35' title='bbox 1156 744 1212 806; x_wconf 84' lang='grc' dir='ltr'><strong><em>καί</em></strong></span> <span class='ocrx_word' id='word_1_36' title='bbox 1233 745 1360 827; x_wconf 76' lang='grc' dir='ltr'><strong><em>είρηνην</em></strong></span> 
     </span>
     <span class='ocr_line' id='line_1_6' title="bbox 258 839 1386 927; baseline -0.002 -19"><span class='ocrx_word' id='word_1_37' title='bbox 258 844 315 908; x_wconf 79' lang='grc' dir='ltr'>τοῦ</span> <span class='ocrx_word' id='word_1_38' title='bbox 336 839 456 922; x_wconf 83' lang='grc' dir='ltr'><strong><em>τόπου,</em></strong></span> <span class='ocrx_word' id='word_1_39' title='bbox 487 844 543 906; x_wconf 86' lang='grc' dir='ltr'><strong><em>καί</em></strong></span> <span class='ocrx_word' id='word_1_40' title='bbox 561 841 770 925; x_wconf 75' lang='grc' dir='ltr'><strong><em>μνηστεύεται</em></strong></span> <span class='ocrx_word' id='word_1_41' title='bbox 790 842 846 925; x_wconf 75' lang='grc' dir='ltr'>την</span> <span class='ocrx_word' id='word_1_42' title='bbox 867 846 1031 927; x_wconf 78' lang='grc' dir='ltr'><strong><em>θυγατέρα</em></strong></span> <span class='ocrx_word' id='word_1_43' title='bbox 1052 845 1108 907; x_wconf 78' lang='lat' dir='ltr'>rori</span> <span class='ocrx_word' id='word_1_44' title='bbox 1129 842 1237 907; x_wconf 81' lang='grc' dir='ltr'><strong><em>Σπάτα</em></strong></span> <span class='ocrx_word' id='word_1_45' title='bbox 1261 840 1386 927; x_wconf 59' lang='grc' dir='ltr'><strong><em>θέρη-5</em></strong></span> 
     </span>
     <span class='ocr_line' id='line_1_7' title="bbox 259 938 1359 1028; baseline -0.002 -19"><span class='ocrx_word' id='word_1_46' title='bbox 259 968 314 1028; x_wconf 91' lang='grc' dir='ltr'>νην</span> <span class='ocrx_word' id='word_1_47' title='bbox 333 945 547 1025; x_wconf 73' lang='grc' dir='ltr'><strong><em>καλουμένην·</em></strong></span> <span class='ocrx_word' id='word_1_48' title='bbox 591 946 670 1027; x_wconf 83' lang='grc' dir='ltr'><strong><em>γυνη</em></strong></span> <span class='ocrx_word' id='word_1_49' title='bbox 693 948 721 1006; x_wconf 86' lang='grc' dir='ltr'>δΙ</span> <span class='ocrx_word' id='word_1_50' title='bbox 745 938 783 1026; x_wconf 73' lang='grc' dir='ltr'><strong><em>ἦν</em></strong></span> <span class='ocrx_word' id='word_1_51' title='bbox 798 945 946 1025; x_wconf 86' lang='grc' dir='ltr'><strong><em>άνδρεία,</em></strong></span> <span class='ocrx_word' id='word_1_52' title='bbox 969 941 1152 1028; x_wconf 71' lang='grc' dir='ltr'><strong><em>φρονήματι</em></strong></span> <span class='ocrx_word' id='word_1_53' title='bbox 1172 944 1229 1009; x_wconf 79' lang='grc' dir='ltr'><strong><em>καί</em></strong></span> <span class='ocrx_word' id='word_1_54' title='bbox 1249 940 1359 1008; x_wconf 87' lang='grc' dir='ltr'><strong><em>κάλλει</em></strong></span> 
     </span>
     <span class='ocr_line' id='line_1_8' title="bbox 258 1040 1360 1130; baseline 0 -22"><span class='ocrx_word' id='word_1_55' title='bbox 258 1040 418 1129; x_wconf 76' lang='grc' dir='ltr'><strong><em>ου’πρεπης</em></strong></span> <span class='ocrx_word' id='word_1_56' title='bbox 448 1046 503 1109; x_wconf 83' lang='grc' dir='ltr'><strong><em>καί</em></strong></span> <span class='ocrx_word' id='word_1_57' title='bbox 532 1044 631 1130; x_wconf 77' lang='grc' dir='ltr'><strong><em>άρετῇ</em></strong></span> <span class='ocrx_word' id='word_1_58' title='bbox 660 1048 919 1129; x_wconf 75' lang='grc' dir='ltr'><strong><em>περιβεβλημένη.</em></strong></span> <span class='ocrx_word' id='word_1_59' title='bbox 973 1049 1029 1107; x_wconf 82' lang='grc' dir='ltr'>τοῦ</span> <span class='ocrx_word' id='word_1_60' title='bbox 1057 1042 1161 1127; x_wconf 89' lang='grc' dir='ltr'><strong><em>γάμου</em></strong></span> <span class='ocrx_word' id='word_1_61' title='bbox 1184 1047 1219 1110; x_wconf 80' lang='grc' dir='ltr'><strong><em>δέ</em></strong></span> <span class='ocrx_word' id='word_1_62' title='bbox 1243 1043 1360 1109; x_wconf 81' lang='grc' dir='ltr'><strong><em>ἐκτελε-</em></strong></span> 
     </span>
     <span class='ocr_line' id='line_1_9' title="bbox 257 1142 1360 1231; baseline 0.002 -23"><span class='ocrx_word' id='word_1_63' title='bbox 257 1147 397 1226; x_wconf 88' lang='grc' dir='ltr'><strong><em>σθέντος,</em></strong></span> <span class='ocrx_word' id='word_1_64' title='bbox 419 1146 496 1228; x_wconf 83' lang='grc' dir='ltr'><strong><em>μηνί</em></strong></span> <span class='ocrx_word' id='word_1_65' title='bbox 514 1143 716 1231; x_wconf 81' lang='grc' dir='ltr'><strong><em>Ἰανουαρίῳ,</em></strong></span> <span class='ocrx_word' id='word_1_66' title='bbox 741 1145 931 1219; x_wconf 79' lang='grc' dir='ltr'><strong><em>ἰνδικτιῶνος</em></strong></span> <span class='ocrx_word' id='word_1_67' title='bbox 952 1149 985 1229; x_wconf 81' lang='grc'>4,</span> <span class='ocrx_word' id='word_1_68' title='bbox 1009 1142 1098 1220; x_wconf 84' lang='grc' dir='ltr'><strong><em>ἔτους</em></strong></span> <span class='ocrx_word' id='word_1_69' title='bbox 1121 1145 1214 1225; x_wconf 84' lang='grc'>6904,</span> <span class='ocrx_word' id='word_1_70' title='bbox 1235 1142 1298 1208; x_wconf 84' lang='grc' dir='ltr'>άπδ</span> <span class='ocrx_word' id='word_1_71' title='bbox 1324 1148 1360 1210; x_wconf 82' lang='grc' dir='ltr'>δὲ</span> 
     </span>
     <span class='ocr_line' id='line_1_10' title="bbox 258 1241 1360 1329; baseline 0.005 -24"><span class='ocrx_word' id='word_1_72' title='bbox 258 1248 405 1325; x_wconf 81' lang='grc' dir='ltr'><strong><em>Χριστοῦ</em></strong></span> <span class='ocrx_word' id='word_1_73' title='bbox 429 1247 528 1329; x_wconf 83' lang='grc'>1396,</span> <span class='ocrx_word' id='word_1_74' title='bbox 557 1255 625 1324; x_wconf 88' lang='grc' dir='ltr'><strong><em>μετ’</em></strong></span> <span class='ocrx_word' id='word_1_75' title='bbox 655 1244 763 1329; x_wconf 80' lang='grc' dir='ltr'><strong><em>ὀλίγας</em></strong></span> <span class='ocrx_word' id='word_1_76' title='bbox 794 1245 915 1329; x_wconf 70' lang='grc' dir='ltr'><strong><em>ἡμέρας</em></strong></span> <span class='ocrx_word' id='word_1_77' title='bbox 945 1246 1058 1328; x_wconf 81' lang='grc' dir='ltr'><strong><em>κατέβη</em></strong></span> <span class='ocrx_word' id='word_1_78' title='bbox 1081 1241 1096 1306; x_wconf 82' lang='grc' dir='ltr'><strong><em>ὅ</em></strong></span> <span class='ocrx_word' id='word_1_79' title='bbox 1118 1249 1283 1329; x_wconf 82' lang='grc' dir='ltr'><strong><em>Βρανέζης</em></strong></span> <span class='ocrx_word' id='word_1_80' title='bbox 1306 1251 1360 1311; x_wconf 79' lang='grc' dir='ltr'><strong><em>κατ’</em></strong></span> 
     </span>
     <span class='ocr_line' id='line_1_11' title="bbox 257 1341 1405 1430; baseline 0.003 -23"><span class='ocrx_word' id='word_1_81' title='bbox 257 1341 274 1407; x_wconf 82' lang='lat' dir='ltr'>ri</span> <span class='ocrx_word' id='word_1_82' title='bbox 296 1346 396 1430; x_wconf 78' lang='grc' dir='ltr'><strong><em>Ἰαξῆς</em></strong></span> <span class='ocrx_word' id='word_1_83' title='bbox 418 1343 495 1409; x_wconf 91' lang='grc' dir='ltr'><strong><em>κατά</em></strong></span> <span class='ocrx_word' id='word_1_84' title='bbox 519 1349 575 1409; x_wconf 87' lang='grc' dir='ltr'>τοῦ</span> <span class='ocrx_word' id='word_1_85' title='bbox 600 1347 627 1408; x_wconf 83' lang='grc' dir='ltr'><strong>Γ</strong></span> <span class='ocrx_word' id='word_1_86' title='bbox 626 1346 716 1429; x_wconf 83' lang='grc' dir='ltr'><strong><em>ια’νη,</em></strong></span> <span class='ocrx_word' id='word_1_87' title='bbox 746 1345 896 1408; x_wconf 77' lang='grc' dir='ltr'><strong><em>κάκεῖθεν</em></strong></span> <span class='ocrx_word' id='word_1_88' title='bbox 923 1344 1105 1422; x_wconf 89' lang='grc' dir='ltr'><strong><em>διελθόντας</em></strong></span> <span class='ocrx_word' id='word_1_89' title='bbox 1133 1349 1261 1425; x_wconf 79' lang='grc' dir='ltr'><strong><em>ἐδέξατο</em></strong></span> <span class='ocrx_word' id='word_1_90' title='bbox 1282 1348 1405 1411; x_wconf 85' lang='lat' dir='ltr'>rori-10</span> 
     </span>
     <span class='ocr_line' id='line_1_12' title="bbox 256 1445 1360 1536; baseline 0 -25"><span class='ocrx_word' id='word_1_91' title='bbox 256 1472 329 1524; x_wconf 89' lang='grc' dir='ltr'><strong><em>τους</em></strong></span> <span class='ocrx_word' id='word_1_92' title='bbox 351 1445 367 1509; x_wconf 83' lang='grc' dir='ltr'>ὁ</span> <span class='ocrx_word' id='word_1_93' title='bbox 391 1446 521 1523; x_wconf 78' lang='grc' dir='ltr'><strong><em>Σινάτος</em></strong></span> <span class='ocrx_word' id='word_1_94' title='bbox 546 1449 579 1510; x_wconf 86' lang='grc' dir='ltr'>έν</span> <span class='ocrx_word' id='word_1_95' title='bbox 611 1452 651 1536; x_wconf 76' lang='grc' dir='ltr'>τῇ</span> <span class='ocrx_word' id='word_1_96' title='bbox 672 1452 842 1534; x_wconf 79' lang='grc' dir='ltr'><strong><em>τοποθεσίρι</em></strong></span> <span class='ocrx_word' id='word_1_97' title='bbox 864 1449 918 1511; x_wconf 82' lang='grc' dir='ltr'>τοῦ</span> <span class='ocrx_word' id='word_1_98' title='bbox 941 1448 1101 1526; x_wconf 89' lang='grc' dir='ltr'><strong><em>Δρίσκου·</em></strong></span> <span class='ocrx_word' id='word_1_99' title='bbox 1144 1451 1200 1511; x_wconf 88' lang='grc' dir='ltr'><strong><em>καί</em></strong></span> <span class='ocrx_word' id='word_1_100' title='bbox 1220 1449 1360 1527; x_wconf 83' lang='grc' dir='ltr'><strong><em>πόλεμον</em></strong></span> 
     </span>
     <span class='ocr_line' id='line_1_13' title="bbox 255 1546 1361 1632; baseline 0.001 -20"><span class='ocrx_word' id='word_1_101' title='bbox 255 1547 518 1628; x_wconf 84' lang='grc' dir='ltr'><strong><em>συνεκροάσαντο,</em></strong></span> <span class='ocrx_word' id='word_1_102' title='bbox 538 1546 592 1611; x_wconf 88' lang='grc' dir='ltr'><strong><em>καί</em></strong></span> <span class='ocrx_word' id='word_1_103' title='bbox 611 1546 786 1632; x_wconf 77' lang='grc' dir='ltr'><strong><em>σφάξαντες</em></strong></span> <span class='ocrx_word' id='word_1_104' title='bbox 809 1546 838 1611; x_wconf 86' lang='lat' dir='ltr'>oi</span> <span class='ocrx_word' id='word_1_105' title='bbox 857 1551 1049 1630; x_wconf 70' lang='grc' dir='ltr'><strong><em>Χριστιανοὶ</em></strong></span> <span class='ocrx_word' id='word_1_106' title='bbox 1066 1547 1141 1623; x_wconf 81' lang='grc' dir='ltr'><strong><em>τούς</em></strong></span> <span class='ocrx_word' id='word_1_107' title='bbox 1160 1549 1361 1632; x_wconf 86' lang='grc' dir='ltr'><strong><em>Ἰσμαηλίτας</em></strong></span> 
     </span>
     <span class='ocr_line' id='line_1_14' title="bbox 257 1647 1362 1732; baseline 0.002 -20"><span class='ocrx_word' id='word_1_108' title='bbox 257 1650 448 1726; x_wconf 72' lang='grc' dir='ltr'><strong><em>κατεδίωξαν</em></strong></span> <span class='ocrx_word' id='word_1_109' title='bbox 470 1650 575 1712; x_wconf 91' lang='grc' dir='ltr'><strong><em>σ’πίσω</em></strong></span> <span class='ocrx_word' id='word_1_110' title='bbox 597 1647 711 1723; x_wconf 81' lang='grc' dir='ltr'><strong><em>αδτοίις</em></strong></span> <span class='ocrx_word' id='word_1_111' title='bbox 734 1650 793 1723; x_wconf 80' lang='grc' dir='ltr'><strong><em>ἓως</em></strong></span> <span class='ocrx_word' id='word_1_112' title='bbox 813 1652 868 1732; x_wconf 78' lang='grc' dir='ltr'>τῆς</span> <span class='ocrx_word' id='word_1_113' title='bbox 892 1652 1131 1732; x_wconf 79' lang='grc' dir='ltr'><strong><em>Φανερωμένης.</em></strong></span> <span class='ocrx_word' id='word_1_114' title='bbox 1175 1647 1207 1720; x_wconf 81' lang='grc' dir='ltr'>οἱ,</span> <span class='ocrx_word' id='word_1_115' title='bbox 1229 1651 1265 1713; x_wconf 85' lang='grc' dir='ltr'>δὲ</span> <span class='ocrx_word' id='word_1_116' title='bbox 1287 1650 1362 1714; x_wconf 85' lang='grc' dir='ltr'>Ἀλ-</span> 
     </span>
     <span class='ocr_line' id='line_1_15' title="bbox 257 1746 1361 1837; baseline 0.002 -25"><span class='ocrx_word' id='word_1_117' title='bbox 257 1753 384 1831; x_wconf 84' lang='grc' dir='ltr'><strong><em>βανῖται</em></strong></span> <span class='ocrx_word' id='word_1_118' title='bbox 407 1752 562 1827; x_wconf 81' lang='grc' dir='ltr'><strong><em>ἐξέδωκαν</em></strong></span> <span class='ocrx_word' id='word_1_119' title='bbox 591 1746 728 1822; x_wconf 78' lang='grc' dir='ltr'><strong><em>ἓαυτοάς</em></strong></span> <span class='ocrx_word' id='word_1_120' title='bbox 749 1753 794 1826; x_wconf 86' lang='grc' dir='ltr'>εἰς</span> <span class='ocrx_word' id='word_1_121' title='bbox 814 1751 932 1834; x_wconf 84' lang='grc' dir='ltr'><strong><em>κοάρση</em></strong></span> <span class='ocrx_word' id='word_1_122' title='bbox 953 1748 1006 1811; x_wconf 89' lang='grc' dir='ltr'><strong><em>καί</em></strong></span> <span class='ocrx_word' id='word_1_123' title='bbox 1027 1751 1133 1832; x_wconf 85' lang='grc' dir='ltr'><strong><em>κέρδη.</em></strong></span> <span class='ocrx_word' id='word_1_124' title='bbox 1191 1747 1361 1837; x_wconf 72' lang='grc' dir='ltr'><strong><em>φεύγοντες</em></strong></span> 
     </span>
     <span class='ocr_line' id='line_1_16' title="bbox 258 1845 1405 1934; baseline 0.005 -21"><span class='ocrx_word' id='word_1_125' title='bbox 258 1852 292 1913; x_wconf 80' lang='grc' dir='ltr'>δὲ</span> <span class='ocrx_word' id='word_1_126' title='bbox 313 1847 329 1912; x_wconf 85' lang='lat' dir='ltr'>ti</span> <span class='ocrx_word' id='word_1_127' title='bbox 354 1853 517 1934; x_wconf 85' lang='grc' dir='ltr'><strong><em>Βρανέζης</em></strong></span> <span class='ocrx_word' id='word_1_128' title='bbox 539 1853 593 1914; x_wconf 85' lang='grc' dir='ltr'><strong><em>καί</em></strong></span> <span class='ocrx_word' id='word_1_129' title='bbox 620 1845 636 1911; x_wconf 85' lang='lat' dir='ltr'>ti</span> <span class='ocrx_word' id='word_1_130' title='bbox 663 1855 755 1933; x_wconf 77' lang='grc' dir='ltr'><strong><em>ίαξῆς</em></strong></span> <span class='ocrx_word' id='word_1_131' title='bbox 775 1855 843 1931; x_wconf 81' lang='grc' dir='ltr'><strong><em>μετ’</em></strong></span> <span class='ocrx_word' id='word_1_132' title='bbox 866 1849 998 1932; x_wconf 87' lang='grc' dir='ltr'><strong><em>άλίγων,</em></strong></span> <span class='ocrx_word' id='word_1_133' title='bbox 1021 1848 1052 1912; x_wconf 79' lang='grc' dir='ltr'>οἵ</span> <span class='ocrx_word' id='word_1_134' title='bbox 1071 1853 1127 1913; x_wconf 84' lang='grc' dir='ltr'><strong><em>καί</em></strong></span> <span class='ocrx_word' id='word_1_135' title='bbox 1146 1854 1275 1923; x_wconf 89' lang='grc' dir='ltr'><strong><em>πλείους</em></strong></span> <span class='ocrx_word' id='word_1_136' title='bbox 1296 1855 1362 1915; x_wconf 77' lang='grc' dir='ltr'>τῶν</span> <span class='ocrx_word' id='word_1_137' title='bbox 1373 1867 1405 1919; x_wconf 85' lang='grc'>15</span> 
     </span>
     <span class='ocr_line' id='line_1_17' title="bbox 257 1946 1360 2037; baseline 0.002 -23"><span class='ocrx_word' id='word_1_138' title='bbox 257 1956 457 2034; x_wconf 91' lang='grc' dir='ltr'><strong><em>τριακοσίων,</em></strong></span> <span class='ocrx_word' id='word_1_139' title='bbox 482 1948 531 2015; x_wconf 80' lang='grc' dir='ltr'>ὅτε</span> <span class='ocrx_word' id='word_1_140' title='bbox 553 1946 685 2035; x_wconf 79' lang='grc' dir='ltr'><strong><em>ἤγγισαν</em></strong></span> <span class='ocrx_word' id='word_1_141' title='bbox 704 1951 761 2026; x_wconf 85' lang='grc' dir='ltr'>τάς</span> <span class='ocrx_word' id='word_1_142' title='bbox 785 1951 976 2034; x_wconf 87' lang='grc' dir='ltr'><strong><em>Πάκτορας,</em></strong></span> <span class='ocrx_word' id='word_1_143' title='bbox 999 1955 1192 2037; x_wconf 84' lang='grc' dir='ltr'><strong><em>στραφέντες</em></strong></span> <span class='ocrx_word' id='word_1_144' title='bbox 1215 1950 1243 2016; x_wconf 83' lang='grc' dir='ltr'>οἱ</span> <span class='ocrx_word' id='word_1_145' title='bbox 1261 1953 1360 2034; x_wconf 67' lang='lat' dir='ltr'>’slya-</span> 
     </span>
     <span class='ocr_line' id='line_1_18' title="bbox 258 2048 1361 2137; baseline 0.002 -23"><span class='ocrx_word' id='word_1_146' title='bbox 258 2055 349 2136; x_wconf 86' lang='grc' dir='ltr'><strong><em>ρηνοί</em></strong></span> <span class='ocrx_word' id='word_1_147' title='bbox 368 2048 502 2130; x_wconf 76' lang='grc' dir='ltr'><strong><em>ἐδίωξαν</em></strong></span> <span class='ocrx_word' id='word_1_148' title='bbox 521 2053 597 2126; x_wconf 79' lang='grc' dir='ltr'><strong><em>τούς</em></strong></span> <span class='ocrx_word' id='word_1_149' title='bbox 619 2051 857 2137; x_wconf 81' lang='grc' dir='ltr'><strong><em>Χριστιανούς,</em></strong></span> <span class='ocrx_word' id='word_1_150' title='bbox 885 2056 939 2115; x_wconf 86' lang='grc' dir='ltr'><strong><em>καί</em></strong></span> <span class='ocrx_word' id='word_1_151' title='bbox 965 2049 1107 2137; x_wconf 82' lang='grc' dir='ltr'><strong><em>ἔσφαξαν</em></strong></span> <span class='ocrx_word' id='word_1_152' title='bbox 1138 2053 1194 2114; x_wconf 87' lang='grc' dir='ltr'><strong><em>ουἰι</em></strong></span> <span class='ocrx_word' id='word_1_153' title='bbox 1222 2053 1361 2134; x_wconf 80' lang='grc' dir='ltr'><strong><em>ὀλίγους,</em></strong></span> 
     </span>
    </p>
   </div>
   <div class='ocr_carea' id='block_1_3' title="bbox 146 2149 644 2239">
    <p class='ocr_par' dir='ltr' id='par_1_3' title="bbox 146 2149 644 2239">
     <span class='ocr_line' id='line_1_19' title="bbox 146 2149 644 2239; baseline 0.006 -24"><span class='ocrx_word' id='word_1_154' title='bbox 146 2155 152 2164; x_wconf 83' lang='grc'><em>’</em></span> <span class='ocrx_word' id='word_1_155' title='bbox 260 2149 356 2217; x_wconf 81' lang='grc' dir='ltr'><strong><em>αάτοί</em></strong></span> <span class='ocrx_word' id='word_1_156' title='bbox 377 2155 412 2217; x_wconf 78' lang='grc' dir='ltr'><strong><em>δέ</em></strong></span> <span class='ocrx_word' id='word_1_157' title='bbox 434 2154 644 2239; x_wconf 79' lang='grc' dir='ltr'><strong><em>διεσώθησαν.</em></strong></span> 
     </span>
    </p>
   </div>
   <div class='ocr_carea' id='block_1_4' title="bbox 258 2247 1405 2758">
    <p class='ocr_par' dir='ltr' id='par_1_4' title="bbox 258 2247 1405 2758">
     <span class='ocr_line' id='line_1_20' title="bbox 350 2247 1358 2344; baseline 0.004 -27"><span class='ocrx_word' id='word_1_158' title='bbox 350 2247 458 2330; x_wconf 86' lang='grc' dir='ltr'><strong><em>Ἕτους</em></strong></span> <span class='ocrx_word' id='word_1_159' title='bbox 481 2259 515 2320; x_wconf 85' lang='grc' dir='ltr'>δὲ</span> <span class='ocrx_word' id='word_1_160' title='bbox 538 2257 632 2336; x_wconf 85' lang='grc'>6907,</span> <span class='ocrx_word' id='word_1_161' title='bbox 654 2258 848 2334; x_wconf 78' lang='grc' dir='ltr'><strong><em>ίνδικτιιδνος</em></strong></span> <span class='ocrx_word' id='word_1_162' title='bbox 866 2259 895 2344; x_wconf 85' lang='grc'>7,</span> <span class='ocrx_word' id='word_1_163' title='bbox 916 2255 1016 2340; x_wconf 87' lang='grc' dir='ltr'><strong><em>μηνδς</em></strong></span> <span class='ocrx_word' id='word_1_164' title='bbox 1031 2257 1217 2340; x_wconf 83' lang='grc' dir='ltr'><strong><em>Ἀπριλλίου</em></strong></span> <span class='ocrx_word' id='word_1_165' title='bbox 1239 2261 1270 2337; x_wconf 86' lang='grc'>5,</span> <span class='ocrx_word' id='word_1_166' title='bbox 1293 2256 1358 2321; x_wconf 81' lang='grc' dir='ltr'>άπὸ</span> 
     </span>
     <span class='ocr_line' id='line_1_21' title="bbox 260 2354 1405 2441; baseline 0.002 -22"><span class='ocrx_word' id='word_1_167' title='bbox 260 2356 296 2419; x_wconf 83' lang='grc' dir='ltr'>δὲ</span> <span class='ocrx_word' id='word_1_168' title='bbox 317 2358 465 2440; x_wconf 81' lang='grc' dir='ltr'><strong><em>Χριστοῦ</em></strong></span> <span class='ocrx_word' id='word_1_169' title='bbox 490 2357 579 2438; x_wconf 89' lang='grc'>1399,</span> <span class='ocrx_word' id='word_1_170' title='bbox 601 2354 678 2421; x_wconf 88' lang='grc' dir='ltr'><strong><em>κατά</em></strong></span> <span class='ocrx_word' id='word_1_171' title='bbox 701 2356 735 2421; x_wconf 81' lang='grc' dir='ltr'>τά</span> <span class='ocrx_word' id='word_1_172' title='bbox 754 2357 947 2441; x_wconf 84' lang='grc' dir='ltr'><strong><em>άντίπασχα,</em></strong></span> <span class='ocrx_word' id='word_1_173' title='bbox 974 2358 1175 2440; x_wconf 83' lang='grc' dir='ltr'><strong><em>έκστρατείει</em></strong></span> <span class='ocrx_word' id='word_1_174' title='bbox 1197 2355 1279 2422; x_wconf 84' lang='grc' dir='ltr'><strong><em>κατά</em></strong></span> <span class='ocrx_word' id='word_1_175' title='bbox 1303 2360 1361 2423; x_wconf 84' lang='grc' dir='ltr'>τοῦ</span> <span class='ocrx_word' id='word_1_176' title='bbox 1371 2381 1405 2437; x_wconf 79' lang='lat'>2⁰</span> 
     </span>
     <span class='ocr_line' id='line_1_22' title="bbox 258 2454 1363 2543; baseline -0.002 -22"><span class='ocrx_word' id='word_1_177' title='bbox 258 2460 291 2521; x_wconf 86' lang='grc' dir='ltr'><strong><em>Γ</em></strong></span> <span class='ocrx_word' id='word_1_178' title='bbox 287 2456 357 2540; x_wconf 89' lang='grc' dir='ltr'><strong><em>ιόνη</em></strong></span> <span class='ocrx_word' id='word_1_179' title='bbox 380 2461 437 2521; x_wconf 81' lang='grc' dir='ltr'>τοῦ</span> <span class='ocrx_word' id='word_1_180' title='bbox 457 2463 610 2542; x_wconf 84' lang='grc' dir='ltr'><strong><em>Ζενεβίση</em></strong></span> <span class='ocrx_word' id='word_1_181' title='bbox 640 2458 778 2537; x_wconf 56' lang='lat' dir='ltr'>illumi</span> <span class='ocrx_word' id='word_1_182' title='bbox 799 2458 879 2543; x_wconf 85' lang='grc' dir='ltr'><strong><em>μετά</em></strong></span> <span class='ocrx_word' id='word_1_183' title='bbox 913 2458 1014 2543; x_wconf 81' lang='grc' dir='ltr'><strong><em>πάσης</em></strong></span> <span class='ocrx_word' id='word_1_184' title='bbox 1033 2461 1087 2543; x_wconf 75' lang='grc' dir='ltr'>τῆς</span> <span class='ocrx_word' id='word_1_185' title='bbox 1110 2459 1276 2539; x_wconf 87' lang='grc' dir='ltr'><strong><em>δυνάμεως</em></strong></span> <span class='ocrx_word' id='word_1_186' title='bbox 1302 2454 1363 2521; x_wconf 82' lang='lat' dir='ltr'>uri.</span> 
     </span>
     <span class='ocr_line' id='line_1_23' title="bbox 259 2554 1364 2643; baseline 0 -21"><span class='ocrx_word' id='word_1_187' title='bbox 259 2561 326 2622; x_wconf 78' lang='lat' dir='ltr'>rari.</span> <span class='ocrx_word' id='word_1_188' title='bbox 369 2557 559 2637; x_wconf 81' lang='grc' dir='ltr'><strong><em>έπισυνάξας</em></strong></span> <span class='ocrx_word' id='word_1_189' title='bbox 580 2554 687 2624; x_wconf 75' lang='grc' dir='ltr'><strong><em>οὖντά</em></strong></span> <span class='ocrx_word' id='word_1_190' title='bbox 710 2558 942 2643; x_wconf 77' lang='grc' dir='ltr'><strong><em>στρατεύματα,</em></strong></span> <span class='ocrx_word' id='word_1_191' title='bbox 963 2558 1036 2635; x_wconf 84' lang='grc' dir='ltr'><strong><em>τοάς</em></strong></span> <span class='ocrx_word' id='word_1_192' title='bbox 1054 2583 1086 2623; x_wconf 89' lang='grc' dir='ltr'>τε</span> <span class='ocrx_word' id='word_1_193' title='bbox 1101 2562 1364 2635; x_wconf 74' lang='grc' dir='ltr'><strong><em>Μαλακασαιους</em></strong></span> 
     </span>
     <span class='ocr_line' id='line_1_24' title="bbox 259 2659 1365 2758; baseline 0.001 -35"><span class='ocrx_word' id='word_1_194' title='bbox 259 2664 315 2725; x_wconf 91' lang='grc' dir='ltr'><strong><em>καί</em></strong></span> <span class='ocrx_word' id='word_1_195' title='bbox 334 2663 590 2746; x_wconf 85' lang='grc' dir='ltr'><strong><em>Μαζαρακαίους</em></strong></span> <span class='ocrx_word' id='word_1_196' title='bbox 603 2711 618 2758; x_wconf 35' lang='grc' dir='ltr'>,Ι</span> <span class='ocrx_word' id='word_1_197' title='bbox 640 2659 686 2727; x_wconf 85' lang='grc' dir='ltr'>ἔτι</span> <span class='ocrx_word' id='word_1_198' title='bbox 707 2665 742 2727; x_wconf 85' lang='grc' dir='ltr'>δὲ</span> <span class='ocrx_word' id='word_1_199' title='bbox 763 2662 817 2727; x_wconf 85' lang='grc' dir='ltr'><strong><em>καί</em></strong></span> <span class='ocrx_word' id='word_1_200' title='bbox 846 2661 923 2754; x_wconf 80' lang='grc' dir='ltr'><strong><em>τούς</em></strong></span> <span class='ocrx_word' id='word_1_201' title='bbox 945 2666 1004 2727; x_wconf 80' lang='grc' dir='ltr'>τοῦ</span> <span class='ocrx_word' id='word_1_202' title='bbox 1026 2666 1197 2745; x_wconf 84' lang='grc' dir='ltr'><strong><em>Παπίγκου</em></strong></span> <span class='ocrx_word' id='word_1_203' title='bbox 1220 2659 1276 2725; x_wconf 81' lang='grc' dir='ltr'><strong><em>καί</em></strong></span> <span class='ocrx_word' id='word_1_204' title='bbox 1296 2662 1365 2725; x_wconf 78' lang='grc' dir='ltr'>τῶν</span> 
     </span>
    </p>
   </div>
   <div class='ocr_carea' id='block_1_5' title="bbox 255 2996 1368 4211">
    <p class='ocr_par' dir='ltr' id='par_1_5' title="bbox 255 2996 1367 3994">
     <span class='ocr_line' id='line_1_25' title="bbox 358 2996 1364 3065; baseline -0.003 -17"><span class='ocrx_word' id='word_1_205' title='bbox 358 2997 421 3050; x_wconf 86' lang='lat' dir='ltr'>Post</span> <span class='ocrx_word' id='word_1_206' title='bbox 441 2998 555 3049; x_wconf 86' lang='lat' dir='ltr'>multum</span> <span class='ocrx_word' id='word_1_207' title='bbox 573 2996 677 3049; x_wconf 89' lang='lat' dir='ltr'>luctam</span> <span class='ocrx_word' id='word_1_208' title='bbox 696 3004 724 3049; x_wconf 84' lang='lat' dir='ltr'>et</span> <span class='ocrx_word' id='word_1_209' title='bbox 749 3012 898 3047; x_wconf 82' lang='lat' dir='ltr'>moerorem</span> <span class='ocrx_word' id='word_1_210' title='bbox 923 2996 981 3048; x_wconf 86' lang='lat' dir='ltr'>eins</span> <span class='ocrx_word' id='word_1_211' title='bbox 1002 3013 1069 3048; x_wconf 87' lang='lat' dir='ltr'>uxor</span> <span class='ocrx_word' id='word_1_212' title='bbox 1086 2997 1161 3047; x_wconf 88' lang='lat' dir='ltr'>lzaus</span> <span class='ocrx_word' id='word_1_213' title='bbox 1182 2996 1253 3047; x_wconf 85' lang='lat' dir='ltr'>inste</span> <span class='ocrx_word' id='word_1_214' title='bbox 1278 3012 1364 3065; x_wconf 87' lang='lat' dir='ltr'>pera-</span> 
     </span>
     <span class='ocr_line' id='line_1_26' title="bbox 258 3067 1364 3137; baseline -0.004 -16"><span class='ocrx_word' id='word_1_215' title='bbox 258 3070 307 3121; x_wconf 88' lang='lat' dir='ltr'>ctis</span> <span class='ocrx_word' id='word_1_216' title='bbox 328 3067 424 3120; x_wconf 86' lang='lat' dir='ltr'>diebus</span> <span class='ocrx_word' id='word_1_217' title='bbox 443 3069 601 3136; x_wconf 75' lang='lat' dir='ltr'>lugubribus</span> <span class='ocrx_word' id='word_1_218' title='bbox 621 3078 684 3136; x_wconf 88' lang='lat' dir='ltr'>post</span> <span class='ocrx_word' id='word_1_219' title='bbox 701 3086 800 3119; x_wconf 85' lang='lat' dir='ltr'>anuum</span> <span class='ocrx_word' id='word_1_220' title='bbox 815 3086 896 3119; x_wconf 90' lang='lat' dir='ltr'>unum</span> <span class='ocrx_word' id='word_1_221' title='bbox 916 3085 930 3117; x_wconf 86' lang='lat' dir='ltr'>a</span> <span class='ocrx_word' id='word_1_222' title='bbox 950 3067 1115 3137; x_wconf 87' lang='lat' dir='ltr'>principibus</span> <span class='ocrx_word' id='word_1_223' title='bbox 1128 3068 1184 3118; x_wconf 86' lang='lat' dir='ltr'>suis</span> <span class='ocrx_word' id='word_1_224' title='bbox 1204 3075 1231 3117; x_wconf 87' lang='lat' dir='ltr'>et</span> <span class='ocrx_word' id='word_1_225' title='bbox 1249 3067 1364 3117; x_wconf 81' lang='lat' dir='ltr'>archie-</span> 
     </span>
     <span class='ocr_line' id='line_1_27' title="bbox 258 3140 1365 3211; baseline -0.001 -20"><span class='ocrx_word' id='word_1_226' title='bbox 258 3142 368 3211; x_wconf 88' lang='lat' dir='ltr'>piscopo</span> <span class='ocrx_word' id='word_1_227' title='bbox 387 3142 505 3191; x_wconf 88' lang='lat' dir='ltr'>monitus</span> <span class='ocrx_word' id='word_1_228' title='bbox 536 3150 595 3203; x_wconf 88' lang='lat' dir='ltr'>est,</span> <span class='ocrx_word' id='word_1_229' title='bbox 615 3149 645 3192; x_wconf 86' lang='lat' dir='ltr'>ut</span> <span class='ocrx_word' id='word_1_230' title='bbox 664 3141 889 3209; x_wconf 74' lang='lat' dir='ltr'>tranquillitatem</span> <span class='ocrx_word' id='word_1_231' title='bbox 909 3149 935 3191; x_wconf 91' lang='lat' dir='ltr'>et</span> <span class='ocrx_word' id='word_1_232' title='bbox 955 3157 1046 3208; x_wconf 87' lang='lat' dir='ltr'>pacem</span> <span class='ocrx_word' id='word_1_233' title='bbox 1067 3140 1174 3208; x_wconf 87' lang='lat' dir='ltr'>imperii</span> <span class='ocrx_word' id='word_1_234' title='bbox 1194 3148 1314 3201; x_wconf 82' lang='lat' dir='ltr'>curaret,</span> <span class='ocrx_word' id='word_1_235' title='bbox 1336 3148 1365 3190; x_wconf 86' lang='lat' dir='ltr'>et</span> 
     </span>
     <span class='ocr_line' id='line_1_28' title="bbox 255 3212 1364 3280; baseline -0.002 -19"><span class='ocrx_word' id='word_1_236' title='bbox 255 3214 355 3268; x_wconf 77' lang='lat' dir='ltr'>irenen</span> <span class='ocrx_word' id='word_1_237' title='bbox 382 3213 479 3280; x_wconf 81' lang='lat' dir='ltr'>Spatae</span> <span class='ocrx_word' id='word_1_238' title='bbox 504 3212 586 3262; x_wconf 87' lang='lat' dir='ltr'>filiam</span> <span class='ocrx_word' id='word_1_239' title='bbox 623 3214 651 3262; x_wconf 92' lang='lat' dir='ltr'>in</span> <span class='ocrx_word' id='word_1_240' title='bbox 679 3212 877 3262; x_wconf 82' lang='lat' dir='ltr'>matrimonium</span> <span class='ocrx_word' id='word_1_241' title='bbox 906 3212 998 3277; x_wconf 69' lang='grc' dir='ltr'><strong><em>δασέος</em></strong></span> <span class='ocrx_word' id='word_1_242' title='bbox 1027 3212 1125 3262; x_wconf 87' lang='lat' dir='ltr'>mulier</span> <span class='ocrx_word' id='word_1_243' title='bbox 1152 3219 1209 3262; x_wconf 84' lang='lat' dir='ltr'>orat</span> <span class='ocrx_word' id='word_1_244' title='bbox 1235 3218 1364 3273; x_wconf 79' lang='lat' dir='ltr'>strenua,</span> 
     </span>
     <span class='ocr_line' id='line_1_29' title="bbox 256 3281 1364 3352; baseline -0.002 -18"><span class='ocrx_word' id='word_1_245' title='bbox 256 3291 347 3334; x_wconf 86' lang='lat' dir='ltr'>mente</span> <span class='ocrx_word' id='word_1_246' title='bbox 369 3291 397 3333; x_wconf 88' lang='lat' dir='ltr'>et</span> <span class='ocrx_word' id='word_1_247' title='bbox 418 3281 619 3352; x_wconf 84' lang='lat' dir='ltr'>pulchritudine</span> <span class='ocrx_word' id='word_1_248' title='bbox 638 3284 744 3345; x_wconf 80' lang='lat' dir='ltr'>decoro,</span> <span class='ocrx_word' id='word_1_249' title='bbox 763 3292 790 3335; x_wconf 89' lang='lat' dir='ltr'>et</span> <span class='ocrx_word' id='word_1_250' title='bbox 809 3286 908 3333; x_wconf 89' lang='lat' dir='ltr'>virtute</span> <span class='ocrx_word' id='word_1_251' title='bbox 938 3282 1069 3345; x_wconf 84' lang='lat' dir='ltr'>praedita.</span> <span class='ocrx_word' id='word_1_252' title='bbox 1107 3283 1209 3351; x_wconf 87' lang='lat' dir='ltr'>nuptiis</span> <span class='ocrx_word' id='word_1_253' title='bbox 1229 3281 1364 3333; x_wconf 84' lang='lat' dir='ltr'>celebra·</span> 
     </span>
     <span class='ocr_line' id='line_1_30' title="bbox 257 3351 1363 3423; baseline -0.001 -19"><span class='ocrx_word' id='word_1_254' title='bbox 257 3356 301 3415; x_wconf 85' lang='lat' dir='ltr'>tis,</span> <span class='ocrx_word' id='word_1_255' title='bbox 320 3369 411 3404; x_wconf 88' lang='lat' dir='ltr'>mense</span> <span class='ocrx_word' id='word_1_256' title='bbox 433 3355 563 3417; x_wconf 88' lang='lat' dir='ltr'>ianuario,</span> <span class='ocrx_word' id='word_1_257' title='bbox 584 3355 742 3405; x_wconf 79' lang='lat' dir='ltr'>indictionis</span> <span class='ocrx_word' id='word_1_258' title='bbox 760 3353 786 3418; x_wconf 80' lang='grc'>4,</span> <span class='ocrx_word' id='word_1_259' title='bbox 807 3352 984 3416; x_wconf 70' lang='lat' dir='ltr'>annontui,</span> <span class='ocrx_word' id='word_1_260' title='bbox 1012 3371 1038 3423; x_wconf 84' lang='lat' dir='ltr'>p.</span> <span class='ocrx_word' id='word_1_261' title='bbox 1059 3353 1120 3406; x_wconf 86' lang='lat' dir='ltr'>Chr.</span> <span class='ocrx_word' id='word_1_262' title='bbox 1140 3370 1158 3404; x_wconf 90' lang='lat' dir='ltr'>n</span> <span class='ocrx_word' id='word_1_263' title='bbox 1188 3351 1265 3415; x_wconf 85' lang='lat'><strong>1396,</strong></span> <span class='ocrx_word' id='word_1_264' title='bbox 1286 3372 1363 3423; x_wconf 53' lang='lat' dir='ltr'>pau&lt;</span> 
     </span>
     <span class='ocr_line' id='line_1_31' title="bbox 258 3424 1364 3495; baseline 0 -20"><span class='ocrx_word' id='word_1_265' title='bbox 258 3425 296 3475; x_wconf 84' lang='lat' dir='ltr'>cis</span> <span class='ocrx_word' id='word_1_266' title='bbox 317 3424 411 3475; x_wconf 85' lang='lat' dir='ltr'>diebus</span> <span class='ocrx_word' id='word_1_267' title='bbox 432 3434 492 3495; x_wconf 85' lang='lat' dir='ltr'>post</span> <span class='ocrx_word' id='word_1_268' title='bbox 513 3427 640 3477; x_wconf 83' lang='lat' dir='ltr'>Branezes</span> <span class='ocrx_word' id='word_1_269' title='bbox 660 3435 687 3477; x_wconf 85' lang='lat' dir='ltr'>et</span> <span class='ocrx_word' id='word_1_270' title='bbox 716 3430 789 3480; x_wconf 76' lang='lat' dir='ltr'>laxes</span> <span class='ocrx_word' id='word_1_271' title='bbox 819 3436 911 3478; x_wconf 89' lang='lat' dir='ltr'>contrs</span> <span class='ocrx_word' id='word_1_272' title='bbox 934 3427 1049 3477; x_wconf 83' lang='lat' dir='ltr'>Gionem</span> <span class='ocrx_word' id='word_1_273' title='bbox 1070 3424 1185 3494; x_wconf 80' lang='lat' dir='ltr'>proiecti</span> <span class='ocrx_word' id='word_1_274' title='bbox 1207 3432 1281 3488; x_wconf 86' lang='lat' dir='ltr'>snut,</span> <span class='ocrx_word' id='word_1_275' title='bbox 1305 3426 1364 3475; x_wconf 91' lang='lat' dir='ltr'>ibi·</span> 
     </span>
     <span class='ocr_line' id='line_1_32' title="bbox 258 3497 1363 3568; baseline 0.003 -24"><span class='ocrx_word' id='word_1_276' title='bbox 258 3512 311 3565; x_wconf 87' lang='lat' dir='ltr'>que</span> <span class='ocrx_word' id='word_1_277' title='bbox 333 3505 536 3565; x_wconf 81' lang='lat' dir='ltr'>praetereuntes</span> <span class='ocrx_word' id='word_1_278' title='bbox 563 3498 668 3565; x_wconf 62' lang='lat' dir='ltr'>sucepit</span> <span class='ocrx_word' id='word_1_279' title='bbox 692 3498 742 3548; x_wconf 87' lang='lat' dir='ltr'>hos</span> <span class='ocrx_word' id='word_1_280' title='bbox 762 3500 856 3568; x_wconf 85' lang='lat' dir='ltr'>Spatas</span> <span class='ocrx_word' id='word_1_281' title='bbox 883 3499 912 3547; x_wconf 91' lang='lat' dir='ltr'>in</span> <span class='ocrx_word' id='word_1_282' title='bbox 938 3498 1045 3565; x_wconf 81' lang='lat' dir='ltr'>regione</span> <span class='ocrx_word' id='word_1_283' title='bbox 1077 3497 1182 3559; x_wconf 87' lang='lat' dir='ltr'>Drisci,</span> <span class='ocrx_word' id='word_1_284' title='bbox 1203 3513 1363 3566; x_wconf 84' lang='lat' dir='ltr'>manusque</span> 
     </span>
     <span class='ocr_line' id='line_1_33' title="bbox 258 3567 1365 3639; baseline 0.001 -22"><span class='ocrx_word' id='word_1_285' title='bbox 258 3577 461 3630; x_wconf 81' lang='lat' dir='ltr'>conseruerunt,</span> <span class='ocrx_word' id='word_1_286' title='bbox 481 3577 509 3619; x_wconf 84' lang='lat' dir='ltr'>et</span> <span class='ocrx_word' id='word_1_287' title='bbox 528 3567 671 3620; x_wconf 78' lang='lat' dir='ltr'>Christiani</span> <span class='ocrx_word' id='word_1_288' title='bbox 691 3570 831 3620; x_wconf 78' lang='lat' dir='ltr'>ismaelitis</span> <span class='ocrx_word' id='word_1_289' title='bbox 854 3569 949 3619; x_wconf 82' lang='lat' dir='ltr'>munis·</span> <span class='ocrx_word' id='word_1_290' title='bbox 965 3569 1116 3620; x_wconf 82' lang='lat' dir='ltr'>intersectis</span> <span class='ocrx_word' id='word_1_291' title='bbox 1135 3568 1198 3618; x_wconf 86' lang='lat' dir='ltr'>illos</span> <span class='ocrx_word' id='word_1_292' title='bbox 1219 3571 1365 3639; x_wconf 84' lang='lat' dir='ltr'>persecuti</span> 
     </span>
     <span class='ocr_line' id='line_1_34' title="bbox 258 3637 1363 3708; baseline 0 -19"><span class='ocrx_word' id='word_1_293' title='bbox 258 3647 321 3689; x_wconf 87' lang='lat' dir='ltr'>sunt</span> <span class='ocrx_word' id='word_1_294' title='bbox 340 3655 424 3708; x_wconf 82' lang='lat' dir='ltr'>usque</span> <span class='ocrx_word' id='word_1_295' title='bbox 443 3640 477 3689; x_wconf 88' lang='lat' dir='ltr'>ad</span> <span class='ocrx_word' id='word_1_296' title='bbox 498 3640 737 3692; x_wconf 83' lang='lat' dir='ltr'>Phaneromenam.</span> <span class='ocrx_word' id='word_1_297' title='bbox 776 3641 917 3692; x_wconf 76' lang='lat' dir='ltr'>libanitae</span> <span class='ocrx_word' id='word_1_298' title='bbox 936 3649 1024 3691; x_wconf 86' lang='lat' dir='ltr'>autem</span> <span class='ocrx_word' id='word_1_299' title='bbox 1045 3637 1162 3707; x_wconf 82' lang='lat' dir='ltr'>praedae</span> <span class='ocrx_word' id='word_1_300' title='bbox 1182 3648 1210 3689; x_wconf 91' lang='lat' dir='ltr'>et</span> <span class='ocrx_word' id='word_1_301' title='bbox 1229 3640 1311 3690; x_wconf 85' lang='lat' dir='ltr'>lucro</span> <span class='ocrx_word' id='word_1_302' title='bbox 1335 3658 1363 3689; x_wconf 81' lang='lat' dir='ltr'>se.</span> 
     </span>
     <span class='ocr_line' id='line_1_35' title="bbox 258 3710 1366 3781; baseline 0.001 -20"><span class='ocrx_word' id='word_1_303' title='bbox 258 3710 411 3771; x_wconf 81' lang='lat' dir='ltr'>dederunt,</span> <span class='ocrx_word' id='word_1_304' title='bbox 435 3713 563 3764; x_wconf 85' lang='lat' dir='ltr'>Barnezes</span> <span class='ocrx_word' id='word_1_305' title='bbox 590 3721 617 3764; x_wconf 82' lang='lat' dir='ltr'>et</span> <span class='ocrx_word' id='word_1_306' title='bbox 636 3712 711 3764; x_wconf 77' lang='lat' dir='ltr'>laxes</span> <span class='ocrx_word' id='word_1_307' title='bbox 730 3729 789 3761; x_wconf 87' lang='lat' dir='ltr'>cum</span> <span class='ocrx_word' id='word_1_308' title='bbox 810 3714 918 3779; x_wconf 87' lang='lat' dir='ltr'>paucis,</span> <span class='ocrx_word' id='word_1_309' title='bbox 941 3713 987 3781; x_wconf 91' lang='lat' dir='ltr'>qui</span> <span class='ocrx_word' id='word_1_310' title='bbox 1008 3720 1095 3762; x_wconf 85' lang='lat' dir='ltr'>tamen</span> <span class='ocrx_word' id='word_1_311' title='bbox 1115 3712 1231 3763; x_wconf 86' lang='lat' dir='ltr'>trecenti</span> <span class='ocrx_word' id='word_1_312' title='bbox 1253 3720 1281 3762; x_wconf 91' lang='lat' dir='ltr'>et</span> <span class='ocrx_word' id='word_1_313' title='bbox 1304 3730 1366 3762; x_wconf 86' lang='lat' dir='ltr'>am·</span> 
     </span>
     <span class='ocr_line' id='line_1_36' title="bbox 258 3782 1367 3855; baseline 0.002 -23"><span class='ocrx_word' id='word_1_314' title='bbox 258 3782 330 3852; x_wconf 87' lang='lat' dir='ltr'>plius</span> <span class='ocrx_word' id='word_1_315' title='bbox 350 3789 427 3832; x_wconf 88' lang='lat' dir='ltr'>erant</span> <span class='ocrx_word' id='word_1_316' title='bbox 443 3800 571 3846; x_wconf 88' lang='lat' dir='ltr'>numero,</span> <span class='ocrx_word' id='word_1_317' title='bbox 592 3794 735 3855; x_wconf 85' lang='lat' dir='ltr'>postquam</span> <span class='ocrx_word' id='word_1_318' title='bbox 753 3784 782 3834; x_wconf 88' lang='lat' dir='ltr'>ia</span> <span class='ocrx_word' id='word_1_319' title='bbox 802 3785 864 3850; x_wconf 77' lang='lat' dir='ltr'>tuga</span> <span class='ocrx_word' id='word_1_320' title='bbox 889 3782 923 3834; x_wconf 87' lang='lat' dir='ltr'>ad</span> <span class='ocrx_word' id='word_1_321' title='bbox 943 3784 1064 3834; x_wconf 85' lang='lat' dir='ltr'>Pactoras</span> <span class='ocrx_word' id='word_1_322' title='bbox 1084 3790 1264 3845; x_wconf 82' lang='lat' dir='ltr'>accesserunt,</span> <span class='ocrx_word' id='word_1_323' title='bbox 1286 3786 1367 3851; x_wconf 84' lang='lat' dir='ltr'>Aga-</span> 
     </span>
     <span class='ocr_line' id='line_1_37' title="bbox 258 3852 1366 3929; baseline 0.001 -25"><span class='ocrx_word' id='word_1_324' title='bbox 258 3852 438 3929; x_wconf 66' lang='lat' dir='ltr'>reni0rerersi</span> <span class='ocrx_word' id='word_1_325' title='bbox 459 3854 625 3908; x_wconf 84' lang='lat' dir='ltr'>Christianos</span> <span class='ocrx_word' id='word_1_326' title='bbox 651 3856 785 3926; x_wconf 86' lang='lat' dir='ltr'>persecuti</span> <span class='ocrx_word' id='word_1_327' title='bbox 803 3864 882 3921; x_wconf 89' lang='lat' dir='ltr'>sunt,</span> <span class='ocrx_word' id='word_1_328' title='bbox 902 3862 930 3908; x_wconf 86' lang='lat' dir='ltr'>et</span> <span class='ocrx_word' id='word_1_329' title='bbox 957 3854 1154 3907; x_wconf 85' lang='lat' dir='ltr'>interfecerunt</span> <span class='ocrx_word' id='word_1_330' title='bbox 1172 3871 1228 3905; x_wconf 88' lang='lat' dir='ltr'>non</span> <span class='ocrx_word' id='word_1_331' title='bbox 1247 3872 1366 3924; x_wconf 87' lang='lat' dir='ltr'>pancos,</span> 
     </span>
     <span class='ocr_line' id='line_1_38' title="bbox 258 3923 711 3994; baseline 0 -19"><span class='ocrx_word' id='word_1_332' title='bbox 258 3925 310 3994; x_wconf 79' lang='lat' dir='ltr'>ipsi</span> <span class='ocrx_word' id='word_1_333' title='bbox 328 3930 419 3974; x_wconf 82' lang='lat' dir='ltr'>autem</span> <span class='ocrx_word' id='word_1_334' title='bbox 437 3923 506 3976; x_wconf 81' lang='lat' dir='ltr'>salvi</span> <span class='ocrx_word' id='word_1_335' title='bbox 524 3926 711 3979; x_wconf 80' lang='lat' dir='ltr'>discesserunt.</span> 
     </span>
    </p>

    <p class='ocr_par' dir='ltr' id='par_1_6' title="bbox 257 3996 1368 4211">
     <span class='ocr_line' id='line_1_39' title="bbox 358 3996 1365 4068; baseline 0.004 -24"><span class='ocrx_word' id='word_1_336' title='bbox 358 3996 434 4046; x_wconf 77' lang='lat' dir='ltr'>Anno</span> <span class='ocrx_word' id='word_1_337' title='bbox 455 4006 542 4047; x_wconf 77' lang='lat' dir='ltr'>utitem</span> <span class='ocrx_word' id='word_1_338' title='bbox 560 3996 644 4062; x_wconf 86' lang='grc'>6907,</span> <span class='ocrx_word' id='word_1_339' title='bbox 665 3998 822 4049; x_wconf 86' lang='lat' dir='ltr'>indictionis</span> <span class='ocrx_word' id='word_1_340' title='bbox 842 3999 877 4059; x_wconf 87' lang='lat'>7,</span> <span class='ocrx_word' id='word_1_341' title='bbox 896 3998 940 4049; x_wconf 79' lang='lat' dir='ltr'>tte</span> <span class='ocrx_word' id='word_1_342' title='bbox 962 3999 1094 4050; x_wconf 77' lang='lat' dir='ltr'>binensis</span> <span class='ocrx_word' id='word_1_343' title='bbox 1114 3997 1224 4067; x_wconf 77' lang='lat' dir='ltr'>Aprilis,</span> <span class='ocrx_word' id='word_1_344' title='bbox 1244 4016 1272 4068; x_wconf 86' lang='lat' dir='ltr'>p.</span> <span class='ocrx_word' id='word_1_345' title='bbox 1296 3999 1365 4050; x_wconf 93' lang='lat' dir='ltr'>Chr.</span> 
     </span>
     <span class='ocr_line' id='line_1_40' title="bbox 257 4064 1367 4139; baseline 0.001 -20"><span class='ocrx_word' id='word_1_346' title='bbox 257 4085 283 4119; x_wconf 90' lang='lat' dir='ltr'>n.</span> <span class='ocrx_word' id='word_1_347' title='bbox 307 4064 391 4129; x_wconf 81' lang='lat'>1399,</span> <span class='ocrx_word' id='word_1_348' title='bbox 410 4068 610 4139; x_wconf 81' lang='lat' dir='ltr'>circa-ternpus</span> <span class='ocrx_word' id='word_1_349' title='bbox 640 4070 780 4139; x_wconf 85' lang='lat' dir='ltr'>paschale,</span> <span class='ocrx_word' id='word_1_350' title='bbox 799 4072 872 4120; x_wconf 80' lang='lat' dir='ltr'>iratis</span> <span class='ocrx_word' id='word_1_351' title='bbox 892 4087 951 4120; x_wconf 88' lang='lat' dir='ltr'>cum</span> <span class='ocrx_word' id='word_1_352' title='bbox 973 4077 1033 4121; x_wconf 88' lang='lat' dir='ltr'>toto</span> <span class='ocrx_word' id='word_1_353' title='bbox 1053 4086 1100 4132; x_wconf 81' lang='lat' dir='ltr'>suo</span> <span class='ocrx_word' id='word_1_354' title='bbox 1122 4072 1241 4121; x_wconf 71' lang='lat' dir='ltr'>exercitu</span> <span class='ocrx_word' id='word_1_355' title='bbox 1263 4080 1367 4121; x_wconf 89' lang='lat' dir='ltr'>contra</span> 
     </span>
     <span class='ocr_line' id='line_1_41' title="bbox 257 4137 1368 4211; baseline 0.002 -20"><span class='ocrx_word' id='word_1_356' title='bbox 257 4138 365 4202; x_wconf 83' lang='lat' dir='ltr'>Ginnen</span> <span class='ocrx_word' id='word_1_357' title='bbox 390 4137 559 4193; x_wconf 86' lang='lat' dir='ltr'>Zenebisem-</span> <span class='ocrx_word' id='word_1_358' title='bbox 576 4142 758 4210; x_wconf 73' lang='lat' dir='ltr'>proficiscitur.</span> <span class='ocrx_word' id='word_1_359' title='bbox 803 4158 863 4192; x_wconf 87' lang='lat' dir='ltr'>eum</span> <span class='ocrx_word' id='word_1_360' title='bbox 888 4142 971 4208; x_wconf 83' lang='lat' dir='ltr'>igitur</span> <span class='ocrx_word' id='word_1_361' title='bbox 990 4142 1082 4210; x_wconf 83' lang='lat' dir='ltr'>copias</span> <span class='ocrx_word' id='word_1_362' title='bbox 1103 4143 1245 4211; x_wconf 80' lang='lat' dir='ltr'>coegisset,</span> <span class='ocrx_word' id='word_1_363' title='bbox 1267 4142 1368 4193; x_wconf 84' lang='lat' dir='ltr'>Mala-</span> 
     </span>
    </p>
   </div>
   <div class='ocr_carea' id='block_1_6' title="bbox 165 4212 1368 4285">
    <p class='ocr_par' dir='ltr' id='par_1_7' title="bbox 165 4212 1368 4285">
     <span class='ocr_line' id='line_1_42' title="bbox 165 4212 1368 4285; baseline 0.004 -25"><span class='ocrx_word' id='word_1_364' title='bbox 165 4248 171 4260; x_wconf 82' lang='grc'><em>,</em></span> <span class='ocrx_word' id='word_1_365' title='bbox 256 4227 365 4266; x_wconf 82' lang='lat' dir='ltr'>caraem</span> <span class='ocrx_word' id='word_1_366' title='bbox 385 4220 412 4264; x_wconf 88' lang='lat' dir='ltr'>et</span> <span class='ocrx_word' id='word_1_367' title='bbox 433 4212 633 4279; x_wconf 80' lang='lat' dir='ltr'>Mazaracaeos,</span> <span class='ocrx_word' id='word_1_368' title='bbox 653 4222 680 4267; x_wconf 88' lang='lat' dir='ltr'>et</span> <span class='ocrx_word' id='word_1_369' title='bbox 699 4213 802 4267; x_wconf 85' lang='lat' dir='ltr'>incolas</span> <span class='ocrx_word' id='word_1_370' title='bbox 821 4213 930 4284; x_wconf 78' lang='lat' dir='ltr'>Papingi</span> <span class='ocrx_word' id='word_1_371' title='bbox 958 4220 985 4266; x_wconf 87' lang='lat' dir='ltr'>et</span> <span class='ocrx_word' id='word_1_372' title='bbox 1012 4214 1115 4282; x_wconf 80' lang='lat' dir='ltr'>Zagorii</span> <span class='ocrx_word' id='word_1_373' title='bbox 1138 4222 1166 4266; x_wconf 83' lang='lat' dir='ltr'>et</span> <span class='ocrx_word' id='word_1_374' title='bbox 1187 4214 1368 4285; x_wconf 80' lang='lat' dir='ltr'>Drynopolis</span> 
     </span>
    </p>
   </div>
   <div class='ocr_carea' id='block_1_7' title="bbox 0 0 1450 4775">
    <p class='ocr_par' dir='ltr' id='par_1_8' title="bbox 0 0 1450 4775">
     <span class='ocr_line' id='line_1_43' title="bbox 0 0 1450 4775; baseline 0 0"><span class='ocrx_word' id='word_1_375' title='bbox 0 0 1450 4775; x_wconf 95' lang='lat' dir='ltr'> </span> 
     </span>
    </p>
   </div>
  </div>
 </body>
</html>
