2884 4775
250 202 302 275 οο
327 174 331 181 ’
697 209 891 276 ιιιειοιιιι

252 352 428 445 τοςέαότοῦ
451 358 506 429 καί
523 360 587 443 ’τῆς
611 357 743 442 χάριτος
771 359 915 441 κτίσματί
934 382 1020 441 τινι,
1042 356 1191 438 οῦδαμιῦς
1213 360 1347 444 ζημιοῦ-

252 484 314 543 ται,
335 457 416 522 oillei
433 462 552 538 μᾶλλον
575 456 797 540 μεγαλόνεται,
820 460 900 524 διότι
919 460 953 521 ιἰι
973 461 1031 541 τῆς
1055 460 1171 541 α’ρετής
1190 463 1253 524 τιῦν
1273 484 1347 523 ιιτι-
1437 473 1438 492 ¹

251 555 379 637 ομότισν
396 556 430 622 τό
453 555 538 639 ῦηιος
557 562 614 621 τοῦ
626 561 704 622 θεοῦ
726 562 948 643 φανεροῦται.“
976 558 1032 622 κατ’
1044 552 1108 646 dorp
1129 562 1250 640 μᾶλλον
1269 564 1347 642 βελ.
1437 557 1438 568 ’

252 659 373 721 τιοῦται
408 654 442 720 τό
467 661 583 737 κτίσμα
603 660 639 744 τῇ
670 663 791 721 πλείονι
819 660 963 751 κοινωνίᾳ
983 661 1039 742 τῆς
1059 659 1265 781 οἷγαθόόητος
1287 662 1348 722 ου’

251 760 317 841 τοῦ,
336 753 470 845 τοοοῦιιρ
492 759 622 820 πλὲσν“
605 785 623 841 η
647 751 810 841 όγαθότης
832 760 890 821 τοῦ
909 760 989 821 θεοῦ
1010 761 1065 821 κατ’
1084 784 1103 841 η
1094 757 1255 856 ιόῦναμις
1279 755 1348 821 δεί-
1358 773 1376 824 5

252 882 390 920 κνυνται.
432 820 483 919 diri
506 860 599 922 τοῦτο
623 857 641 940 ἦ
666 858 822 941 α’γοιθότης
842 860 899 921 τοῦ
919 861 1000 921 θεοῦ
1021 857 1109 941 ιιαίή
1135 845 1271 933 όόναμις
1292 884 1347 923 και
1437 849 1438 914 l

252 952 272 1040 ή
297 954 402 1039 α’γόιιη
421 959 465 1031 ἐἰς
485 958 560 1032 τοῦς
574 954 765 1041 ἀνθρώπους
785 960 877 1048 πλέον
898 960 1133 1040 ἑμεγαλῦνθη’
1118 983 1152 1022 εκ
1164 960 1221 1020 τοῦ
1241 955 1351 1023 ἐλθεῖν

252 1053 350 1121 αῦιόν
370 1057 426 1121 τόν
448 1043 539 1138 λόγον
567 1057 626 1119 τοῦ
658 1058 737 1118 θεοῦ
758 1060 812 1120 καί
832 1054 924 1139 θεόν,
942 1054 1021 1137 μετῦ
1046 1058 1149 1140 πόσης
1171 1060 1272 1120 ου’τοῦ
1290 1060 1349 1139 τής
1437 1073 1438 1132 3

251 1154 425 1237 δυνάμεως,
448 1160 493 1233 εἰς
517 1154 568 1220 τόν
590 1150 760 1239 Ἰηοοῦν,’“
740 1183 758 1239 η
789 1152 837 1219 ότι
859 1154 1048 1235 ἔπεμπεν
1018 1180 1063 1229 εις
1086 1155 1161 1231 τοός
1183 1159 1349 1241 προφήτας

249 1257 330 1334 μίαν
349 1259 445 1337 χάριν
466 1255 570 1320 αὐτοῦ
598 1250 718 1339 idtio,
739 1260 794 1321 καί
813 1281 858 1333 εις
878 1249 971 1320 αλλον
992 1261 1051 1338 μὲν
1070 1254 1234 1341 προφήτην
1253 1257 1438 1334 diris-10

253 1379 338 1435 τινα,
361 1377 406 1429 εις
426 1350 520 1419 αλλσν
540 1358 575 1419 δὲ
592 1359 733 1435 μείζονα.

196 1524 198 1531 ,
335 1452 387 1518 ια’.
431 1439 669 1534 λλιστεόομεν“
651 1480 701 1519 οτι
725 1454 742 1519 ό
764 1452 906 1538 Χριστός
935 1452 1125 1539 ἐσταυρώθη
1146 1480 1198 1519 και
1194 1457 1347 1519 α’πέθα.

209 1602 217 1617 s
251 1577 302 1616 νεν
323 1558 425 1641 οἰκείῳ
445 1552 614 1637 θελήματι,
637 1557 691 1650 διό
714 1554 832 1629 πολλός
856 1554 911 1617 καί
930 1555 1248 1671 μεγάλαςιόρελείας,
1272 1557 1347 1617 δεο-

251 1656 350 1733 μένας
371 1656 493 1717 πολλῶν
514 1654 630 1737 λόγων,
655 1640 709 1717 και
739 1653 966 1717 πάνταταῦτα
985 1650 1067 1717 sord
1089 1652 1123 1715 τό
1145 1648 1348 1733 όνθροόπινον

253 1752 363 1815 αὐτοῦ.
388 1750 477 1835 όγόρ
493 1754 580 1863 λόγος
598 1779 651 1818 του
638 1756 748 1817 θεοῦ
762 1746 834 1817 οῦτε
854 1759 1047 1835 σταυροῦται
1061 1746 1133 1848 οῦτε
1153 1749 1346 1835 ἀποθνήσκει
1359 1762 1438 1812 15

250 1844 324 1915 οῦτε
345 1846 534 1934 ἇνίοιαται,
527 1852 639 1916 α’λλό
667 1853 827 1933 μῦλλον’
806 1857 974 1974 υιὲστηοεν
995 1836 1092 1928 αιίτός
1115 1850 1189 1927 τοῦς
1208 1853 1349 1934 νειιροῦς,
1437 1905 1438 1920 ς

249 1947 355 2037 οἷόσπερ
380 1952 529 2036 ανέστηοε
548 1977 600 2016 ιιαι
624 1953 681 2036 τήν
705 1950 809 2035 σάρκα
833 1950 870 2035 ήν
892 1952 1058 2035 ἐφόρησεν.
1083 1950 1274 2030 πιστεύομεν
1297 1946 1349 2014 ότι
1437 1937 1438 1948 ’

223 2050 421 2136 ’όΧριστός
441 2053 580 2128 ιίναοτός
601 2046 768 2137 α’νελήφθη
787 2054 832 2127 εἰς
852 2050 924 2127 τοῦς
958 2050 1131 2136 οόρανοῦς,
1162 2049 1218 2114 καί
1251 2049 1349 2113 πόλιν

249 2156 358 2232 μέλλει
365 2150 525 2249 ἔρχεσθαι
539 2174 626 2233 μετα
617 2152 778 2237 δόξης,
762 2177 816 2215 ινα
835 2155 924 2239 κρίνη
943 2150 999 2215 τόν
1018 2150 1143 2231 κόσμον.
1437 2143 1438 2150 ¹

291 2273 294 2281 ¹
348 2250 398 2332 ιβ’.
441 2248 688 2333 Hturev'opev‘
676 2247 724 2315 ότι
759 2249 793 2316 αἱ
826 2255 935 2333 ψυχαί
961 2254 1026 2315 τιῦν
1056 2249 1234 2333 ἀνθρώπων
1264 2250 1438 2312 εἰσινῖθ
1437 2331 1438 2362 1

251 2344 463 2434 α’θόνατοι,”
444 2374 492 2416 οτι
510 2347 547 2416 τό
570 2349 703 2431 σώματα
724 2353 786 2416 τιῦν
807 2352 905 2435 ἁγίων
937 2349 1168 2435 ἀναστήσονται
1190 2341 1345 2433 ἄφθαρτα
1437 2394 1438 2439 η

323 2485 349 2538 3.
371 2481 428 2558 depr
445 2486 562 2559 μᾶλλον]
584 2485 654 2542 ὅσον
676 2487 697 2538 Ρ
796 2487 835 2539 13
856 2488 991 2560 όεοιιίνας
1015 2487 1094 2538 οιιιΡ
1184 2484 1225 2534 14
1255 2485 1344 2537 ταῦτα

324 2558 432 2609 omP
486 2559 526 2610 15
546 2557 751 2630 ἐσταυρώθηΡ
823 2558 864 2612 16.
883 2537 978 2628 οὗτός]
1002 2556 1130 2628 davidi>

252 2684 341 2728 creato
361 2679 547 2740 communicet,
567 2694 626 2728 eum
649 2686 713 2729 tunc
732 2695 839 2747 prorsus
858 2676 927 2728 nihil
946 2676 1104 2744 deperdere,
1121 2675 1169 2726 sed
1188 2677 1270 2743 magis
1289 2693 1348 2725 mn-

238 2745 318 2816 'puri'
312 2765 394 2810 carr,
412 2757 556 2817 propterea
584 2748 659 2818 quod
678 2767 710 2799 ex
736 2750 898 2817 praestantia
919 2764 1005 2798 rerum
1026 2748 1193 2798 conditarum
1212 2748 1346 2798 celsitudo

254 2819 296 2870 dei
318 2819 458 2870 manifesta
476 2819 515 2870 fit.
552 2836 583 2869 ac
608 2829 709 2887 quanto
736 2821 820 2869 maior
838 2820 934 2870 creatis
960 2819 1141 2888 praestantiae
1160 2819 1277 2869 accessio
1299 2819 1346 2869 fist

253 2905 286 2940 ex
303 2891 404 2941 nraiore
421 2889 551 2940 bonitatis
570 2891 627 2939 eius
647 2891 851 2951 communione,
872 2897 949 2940 tauto
968 2892 1050 2956 magis
1072 2887 1179 2940 bonitas
1200 2899 1227 2940 et
1247 2899 1346 2957 poten-

253 2961 290 3012 tio
312 2961 355 3010 dei
384 2962 539 3012 illustratur.
576 2960 640 3011 hinc
666 2962 735 3011 adeo
754 2928 853 3011 factnni
872 2968 930 3022 est,
951 2969 981 3012 ut
1009 2961 1116 3011 bonitas
1136 2960 1180 3010 dei
1200 2970 1227 3009 et
1246 2969 1347 3028 poten-

253 3033 290 3083 tia
309 3040 337 3082 et
354 3033 448 3084 caritas
468 3032 584 3082 humano
604 3033 694 3099 generi
710 3033 794 3082 maior
814 3040 842 3082 et
860 3030 991 3082 illustrior
1007 3033 1139 3092 estiterit,
1160 3031 1295 3099 quando
1289 3048 1347 3098 ipse

253 3102 297 3153 dei
320 3104 412 3170 logne,
437 3104 484 3170 qui
503 3101 569 3152 deus
589 3112 643 3165 est,
664 3120 721 3152 cum
744 3110 802 3153 tota
833 3119 880 3151 sua
898 3104 1020 3170 potentia
1039 3102 1204 3152 descendit
1198 3119 1225 3151 ιιι
1249 3103 1349 3162 λοειιιπ,

254 3191 335 3246 quam
355 3173 466 3224 eumad
493 3173 639 3241 prophetas
659 3190 739 3224 unam
759 3183 806 3224 aut
823 3173 933 3224 aiteram
960 3175 1070 3242 gratiam
1088 3174 1170 3234 misit,
1192 3173 1419 3241 etquidem

254 3261 347 3294 eorum
367 3244 414 3294 alii
434 3251 515 3312 atque
534 3244 580 3293 alii
600 3247 725 3295 maiorem
743 3254 790 3295 aut
805 3246 945 3294 minorem.

432 3329 567 3381 Hactenus
588 3313 717 3381 decimum
737 3341 827 3400 caput

1437 3248 1438 3275 l

327 3415 465 3466 Credimus
483 3415 617 3467 Christum
643 3434 700 3468 esse
720 3419 874 3469 crucifixum
902 3426 930 3470 et
956 3426 1089 3469 mortuum
1108 3434 1155 3468 sua
1174 3415 1282 3487 propria
1301 3432 1348 3466 το-

258 3487 373 3549 luntate,
386 3487 427 3537 -ob
445 3487 541 3538 multas
569 3503 732 3556 magnasque
752 3489 925 3549 utilitates,
918 3507 944 3538 ιο
963 3489 1061 3558 quibus
1081 3488 1248 3556 explicandis
1268 3489 1347 3553 longa

257 3559 380 3608 oratione
392 3574 458 3626 opus
478 3567 562 3622 esset;
586 3566 615 3608 et
633 3558 661 3608 id
681 3576 760 3636 omne
780 3558 1027 3610 rationehumanae
1048 3575 1112 3610 suae
1131 3567 1252 3609 naturae.
1271 3559 1347 3630 logus

258 3629 329 3678 enim
349 3629 392 3678 dei
412 3645 462 3679 nec
483 3631 552 3680 cruci
572 3629 685 3696 affigitur
703 3626 754 3680 nde
771 3632 884 3681 moritur
904 3647 993 3699 neque
1012 3647 1026 3678 a
1045 3636 1131 3680 morte
1152 3629 1280 3695 resurgit,
1299 3628 1346 3679 sed

258 3699 315 3768 ipse
334 3698 403 3750 alios
423 3701 512 3768 potius
531 3709 650 3752 mortuos
670 3698 857 3763 resuscitavit,
875 3701 945 3753 sicut
966 3702 1046 3752 etiam
1065 3715 1170 3750 curnem
1190 3715 1269 3768 qnam
1289 3699 1347 3766 ipse

257 3772 377 3836 gestavit
426 3769 559 3822 credimus
580 3771 713 3823 Christum
739 3780 801 3840 post
827 3774 1048 3823 resurrectionem
1079 3787 1152 3821 susm
1181 3778 1346 3837 assumptum

234 3871 239 3887 r
257 3857 315 3891 esse
334 3843 361 3891 in
380 3840 477 3904 caelos,
496 3851 523 3893 et
541 3841 603 3893 inde
622 3858 680 3892 cum
700 3843 785 3910 gloria
819 3842 853 3893 ad
872 3843 1003 3893 iudicium
1022 3841 1056 3892 de
1075 3840 1174 3892 mundo
1194 3839 1347 3891 laciendum

258 3913 415 3970 rediturum.
1437 3942 1438 4041 ρ

432 3999 566 4050 Hactenus
586 3998 756 4052 undecimum
775 4008 862 4068 caput

346 4085 484 4136 Credimus
513 4087 615 4138 animos
634 4087 765 4139 humanos
795 4104 852 4138 esse
871 4087 1044 4149 immortales,
1064 4101 1174 4155 corpora
1193 4092 1351 4137 sanctornm
