2884 4775
245 210 295 286 30
702 212 898 279 timolus

244 370 423 451 παρρησίας
447 365 578 429 ἑνάπιον
608 365 709 428 ον’τοῦ
729 355 798 426 εἶπε
818 359 918 426 πολλά
933 358 1103 426 σνοτατικά
1126 361 1181 423 καί
1203 356 1332 422 inuiss-

244 466 332 531 ττικά
346 470 400 550 τῆς
418 467 552 539 πίστεως
565 461 734 550 κεφάλαια,
755 463 810 525 καί
825 459 861 525 τά
877 455 1053 543 μυστήριον
1064 459 1121 543 τῆς
1136 457 1227 540 άγίας
1241 454 1334 537 τριά-

244 572 298 643 δος
319 569 527 652 ἐφανέρωσεν,
549 564 591 637 uic
605 561 681 643 ἔδει,
702 564 758 640 καί
778 555 826 624 ὅτι
848 557 865 625 ὁ
882 558 973 641 λόγος
988 561 1046 621 τοῦ
1066 549 1154 635 θεοῦ,
1176 551 1256 631 sisic
1278 562 1334 637 τῆς

245 662 383 747 τριάδος,
409 666 464 728 τοῦ
485 657 554 737 ἑνὸς
583 662 721 745 άληθοῦς
748 663 847 739 &eviij
880 658 964 723 ἔστιν
989 655 1006 720 ὁ
1028 656 1206 738 σαρκωθείς
1226 660 1261 719 ἐκ
1280 658 1335 738 τῆς

245 767 403 844 πανάγνοο
435 764 489 825 καί
519 760 610 843 ἁγίας
632 762 794 840 παρθένου
816 761 858 821 δι’
883 752 967 839 ἡμᾶς
994 754 1049 817 καί
1071 754 1126 819 sitsi
1145 755 1201 838 τὴν
1223 755 1360 836 ripere-5

246 885 306 944 ραν
326 865 506 945 σωτηρίαν,
537 863 591 923 καί
614 855 659 921 ὅτι
689 858 830 920 άντέθανε
859 855 914 919 καί
931 848 1068 938 άνέστη,
1097 857 1152 918 καί
1171 849 1218 917 ὅτι
1242 853 1336 927 αὐτάς

244 964 331 1024 ἐστιν
358 956 372 1019 ὃ
401 962 525 1039 μέλλων
553 956 707 1038 ἔρχεσθαι
738 956 990 1037 κρῖναιζιόντας
1020 955 1076 1015 καί
1100 950 1239 1032 νεκρούς.
1282 952 1338 1014 καί

149 1098 152 1103 ,
245 1052 325 1122 ἄλλα
360 1055 520 1140 μυστήρια
554 1060 608 1138 τῆς
639 1059 773 1127 πίστεως
802 1048 869 1117 εἶπε
897 1051 951 1116 καί
984 1051 1336 1137 διεσαφήνισεναάτρῖ.

244 1152 320 1221 ὅθεν
342 1156 380 1219 ου’
402 1154 497 1236 μόνον
523 1156 696 1231 ἀπεδέξατο
717 1156 879 1233 εάλαβάς,
900 1153 969 1218 ἀλλ’
987 1150 1087 1215 ἔκτοτε
1107 1148 1214 1234 η’γάπα
1236 1149 1337 1214 αιίτόν

244 1280 280 1321 τε
303 1254 358 1321 τὸν
372 1254 573 1338 πατριάρχην
594 1251 691 1317 πολλά
715 1254 770 1316 καί
781 1252 953 1333 σεβάσμιον
968 1247 1046 1332 εἶχε,
1066 1254 1122 1315 καί
1139 1248 1257 1313 ἔπαυσε
1281 1247 1336 1310 καί
1348 1260 1380 1311 ru

244 1360 300 1439 τῆς
320 1360 431 1429 κακίας
454 1353 490 1436 ἢν
510 1350 576 1435 εἶχε
597 1354 676 1416 κατά
698 1354 887 1434 τοῦγένους
906 1353 1063 1433 Γραικῶν,
1084 1354 1138 1414 κατ’
1160 1347 1264 1432 η’γάπα
1287 1348 1337 1411 ἔκ-

244 1478 322 1533 τοτε,
343 1456 387 1527 α’νς
409 1458 443 1517 ἐν
464 1460 588 1527 πολλοῖς
620 1450 732 1536 ἐφάνη.
785 1449 896 1533 ἔχαιρε
926 1452 979 1529 δέ,
1003 1445 1046 1524 τάς
1069 1444 1136 1513 sins
1158 1449 1236 1528 πρὸς
1258 1454 1338 1509 πολ-

245 1552 322 1628 λοάς
340 1556 414 1633 μεθ’
436 1542 481 1615 ὧν
501 1550 674 1630 συνελάλει,
695 1546 743 1614 ὅτι
755 1554 929 1614 σπουδαῖον
945 1548 999 1612 καί
1016 1547 1119 1633 σοφὸν
1139 1543 1337 1629 αατριάρχην

246 1655 406 1735 ἐποίησαν,
426 1650 550 1731 ἕτοιμον
574 1650 812 1731 ἀποκρίνεσθαι.
847 1645 930 1739 ,ὅθεν
952 1646 1007 1712 καί
1026 1644 1259 1727 άποάεξάμενος
1277 1643 1338 1727 την

246 1748 535 1830 districtissimis
552 1746 671 1832 λόγους,
692 1746 749 1824 oric
769 1746 952 1830 ἐποιήσαντο
966 1751 1041 1830 περί
1060 1746 1205 1827 πίστεως,
1224 1743 1382 1830 ἐφάνητε)

246 1846 296 1916 ὅτι
316 1856 492 1917 ἐνετείλατο
524 1852 612 1935 αάτρ]
631 1850 682 1913 ἵνα
711 1845 880 1936 συγγράψη
915 1850 1020 1912 πάσαν
1043 1846 1101 1931 τήν
1119 1845 1257 1925 διάλεξιν
1284 1849 1341 1908 καί

245 1948 279 2015 ἐν
300 1955 482 2035 κεφαλαίοις
503 1949 708 2037 καταστράση
729 1953 783 2012 καί
801 1950 896 2013 δώσει
915 1948 1011 2035 αὐτῷ,
1034 1944 1053 2009 ii
1065 1946 1120 2010 καί
1138 1948 1267 2027 ἐγένετο,
1292 1944 1335 2017 αἱς

246 2056 394 2137 φαίνεται
429 2048 462 2113 τὸ
494 2049 707 2132 σύγγραμμα,
746 2049 802 2113 καί
836 2049 1088 2131 μοτεγλωττίοθη
1126 2045 1183 2109 καί
1210 2046 1255 2119 εἰς
1278 2041 1337 2125 την

249 2150 621 2231 Τουρκοαραβόγλωσοαν
641 2149 702 2211 ὑπὸ
723 2147 886 2230 Ἀχονμάτ
908 2145 986 2230 aucit]
1002 2142 1149 2229 Βεροίας.
1171 2144 1226 2209 καί
1238 2140 1337 2226 ἐδόθη

245 2242 333 2337 crispi
354 2253 397 2335 τῷ
418 2248 587 2335 σοσλτάνῳ,
611 2246 665 2310 καί
690 2249 806 2329 άνέγνω
835 2244 919 2310 άααν
952 2250 1006 2311 καί
1027 2245 1124 2328 ἔγνω,
1155 2249 1211 2309 καί
1237 2248 1382 2325 uelle-20

203 2350 361 2428 ιρομίονς
380 2340 448 2430 εἶχε
472 2345 546 2422 τούς
568 2346 678 2430 λόγους
699 2352 754 2412 καί
774 2346 966 2428 ἐθαύμαζεν.
1014 2342 1091 2411 ὅθεν
1113 2344 1260 2419 πολλάκις
1281 2344 1338 2410 καί

245 2451 475 2530 μετεκαλέσατο
508 2449 609 2512 ον’τὸν
635 2448 690 2513 τὸν
709 2447 926 2532 πατριάρχην,
957 2451 1012 2511 καί
1039 2445 1221 2530 ἐδωρήσατο
1248 2444 1340 2532 uisui

1425 2610 1426 2657 l

246 2690 320 2736 metu
340 2681 447 2733 dicendi
465 2700 496 2734 ac
514 2683 663 2736 disserendi
683 2700 817 2735 concessa.
855 2683 927 2734 unde
954 2683 998 2733 hic
1016 2683 1113 2735 fiducia
1131 2691 1237 2753 sumpta
1259 2684 1335 2750 inge·
1425 2676 1426 2683 ἵ

246 2771 300 2806 nue
317 2771 404 2804 cerem
423 2755 561 2806 maiestate
586 2755 661 2806 illius
681 2756 775 2822 longos
794 2771 928 2806 sermones
946 2752 1064 2819 habuit,
1085 2754 1148 2806 fidet
1166 2755 1335 2807 Christianae

246 2825 504 2876 demonstrationem
523 2826 840 2897 commendationemque
856 2826 1035 2877 continentes.
1071 2826 1227 2892 mysterium
1237 2827 1265 2876 S.
1283 2826 1334 2875 tri·

246 2896 339 2947 nitetis
361 2899 482 2964 protulit,
503 2903 619 2948 tractans
636 2902 683 2966 p'ro
701 2897 842 2963 dignitate.
879 2906 906 2947 et
923 2898 1014 2964 logum
1033 2896 1087 2959 dei,
1106 2898 1153 2965 qui
1176 2913 1229 2947 sinu
1246 2897 1334 2947 trinae

197 2989 200 2996 ·
250 2966 358 3038 deitatis
377 2969 550 3036 personarit,
569 2969 618 3018 viri
639 2969 682 3018 dei
695 2968 777 3030 filius,
796 2983 854 3018 esse
871 2968 947 3017 illum
967 2970 1013 3037 qui
1032 2984 1137 3018 caruem
1157 2983 1171 3017 e
1192 2968 1334 3035 purissime
1424 2994 1425 3003 .

246 3046 275 3088 et
293 3047 382 3088 sancta
396 3039 505 3105 virgine,
527 3048 637 3108 propter
657 3056 705 3090 uos
726 3045 754 3090 et
771 3039 883 3090 salutem
898 3046 1024 3102 nostram,
1045 3040 1226 3107 assumpserit.
1246 3039 1334 3106 ipsum

246 3116 381 3160 mortuum
404 3126 461 3160 esse
481 3117 510 3160 et
530 3111 710 3162 resurrexisse.
749 3111 836 3180 ipsum
856 3126 914 3160 esse
936 3108 1011 3160 illum
1030 3111 1215 3179 quiveuturus
1235 3111 1270 3159 sit
1289 3109 1332 3158 iu.

247 3180 363 3230 dicatum
385 3179 458 3230 vivos
478 3187 506 3230 et
525 3191 652 3232 mortuos.
688 3182 742 3233 alia
759 3183 869 3250 insuper
887 3179 949 3230 fidei
968 3181 1094 3246 mysteria
1116 3180 1335 3231 commemoravit

248 3251 326 3318 eique
348 3251 461 3320 aperuit.
499 3266 578 3318 quam
606 3253 772 3322 patriarchae.
800 3253 950 3304 orationem
969 3268 1025 3302 uon
1050 3259 1154 3302 tanturn
1181 3258 1335 3302 reverenter
1423 3262 1424 3293 l

248 3319 294 3370 ies
312 3321 482 3379 auscultavit,
499 3320 545 3371 sed
566 3321 599 3370 ab
619 3338 650 3372 eo
671 3325 751 3373 etiam
769 3331 889 3391 tempore
917 3323 999 3389 magis
1019 3323 1103 3390 ipsum
1123 3322 1221 3372 dilexit
1238 3331 1266 3372 et
1285 3338 1334 3372 ve-

246 3391 387 3442 neratione
417 3389 527 3454 dignum
547 3392 717 3442 existimavit.
759 3392 865 3444 destitit
891 3409 999 3462 quoqne
1020 3412 1034 3442 a
1056 3393 1234 3461 malignitate,
1251 3409 1334 3461 quem

248 3460 374 3512 adversus
395 3461 512 3512 Graecos
540 3461 666 3528 gerebat3
693 3470 721 3512 et
744 3463 841 3514 exinde
865 3465 1040 3532 propensiore
1065 3480 1125 3530 erga
1146 3464 1219 3532 lpsos
1244 3465 1334 3514 animo

248 3533 354 3593 extitit,
378 3532 448 3583 sicut
479 3547 512 3582 ex
537 3533 629 3582 multis
652 3533 733 3599 signis
759 3535 892 3603 apperuit.
937 3533 1072 3604 gaudebat
1089 3544 1188 3596 autem,
1210 3535 1282 3585 sicut
1300 3549 1334 3584 ex
1422 3538 1423 3541 ’

249 3601 338 3654 verbis
357 3600 466 3652 eiusad
491 3604 588 3653 multos
612 3604 638 3652 in
658 3603 786 3654 familiari
812 3605 948 3673 colloquio
968 3607 1103 3673 cognitum
1127 3613 1176 3665 est,
1196 3606 1333 3672 egregium

249 3681 277 3724 et
300 3673 447 3742 sapientem
476 3689 490 3723 a
520 3673 629 3724 Graecis
657 3674 756 3725 fectum
784 3691 841 3726 esse
871 3675 1062 3744 patriarcham,
1089 3675 1117 3726 in
1146 3675 1334 3745 respondendo

247 3752 411 3813 proruptum.
430 3742 500 3794 unde
520 3753 547 3796 et
563 3744 679 3814 speciem
698 3743 872 3815 spprobsntis
887 3746 1099 3816 disputationem
1112 3747 1184 3796 illam
1206 3755 1235 3798 et
1253 3745 1336 3797 verba

248 3816 283 3866 cle
309 3815 427 3866 articulis
456 3814 519 3865 lidei
546 3815 636 3867 habita
669 3817 810 3884 praebuit,
839 3816 913 3885 quod
945 3835 1050 3869 omnem
1084 3818 1337 3869 eem'dissertatio·

1419 3824 1422 3851 l

247 3901 308 3938 nem
333 3885 415 3936 literis
445 3885 477 3936 ab
497 3887 562 3950 illo,
589 3888 642 3937 suis
660 3887 796 3956 capitibus
815 3886 983 3951 distinctam,
1004 3888 1128 3940 mandari
1153 3888 1260 3957 sibique
1280 3888 1338 3938 deri
1420 3896 1423 3925 ¹

247 3957 342 4008 voluit.
380 3956 454 4026 qnod
479 3965 506 4008 et
528 3958 625 4009 fuctum
653 3967 709 4022 est;
739 3966 867 4026 extatque
886 3960 1014 4029 scriptum
1042 3959 1127 4021 illud,
1155 3967 1183 4010 et
1212 3960 1241 4010 in
1262 3961 1335 4012 'l'nr-
1420 3970 1423 4000 ι

248 4027 394 4078 carabicam
421 4027 538 4096 lingerent
565 4047 579 4079 a
610 4031 738 4080 Berroeae
763 4028 899 4098 praesecto
926 4029 1073 4082 schemata
1099 4031 1258 4082 translatum
1285 4039 1336 4081 est.
1418 4042 1422 4069 ¹

248 4098 323 4168 quod
342 4099 462 4151 sultauus
482 4100 532 4150 sibi
553 4099 702 4154 exhibitum
724 4100 838 4171 perlegit
856 4109 963 4166 totum,
983 4111 1011 4154 et
1027 4102 1189 4154 sententiam
1212 4102 1268 4153 eius
1290 4102 1335 4152 in·
1416 4113 1422 4145 t
