2884 4775
239 230 263 307 ίι
683 211 877 314 ursroam

238 393 255 459 ό
277 393 400 469 πάππος
420 395 616 483 ἑξετόφλοοσε
638 396 692 461 διά
714 395 748 461 τό
770 403 950 482 νεωτερίσαι
969 402 1025 464 καί
1049 400 1085 466 τά
1111 407 1202 488 πέριξ
1223 404 1321 469 πολλά

238 497 443 576 κακοποιῆσαι
471 494 651 559 συνοπαδόν
681 496 735 560 κατ’
766 498 941 584 σύμψηφον
968 500 1160 584 κτησάμενον
1182 507 1323 568 Μουσᾶν

237 597 386 676 τζελεπῆν
406 592 475 659 υἱόν
498 598 554 658 τοῦ
573 580 743 659 σονλτάνου
765 599 958 680 Ἀγαρηνοόν,
980 594 1016 662 όν
1037 606 1093 665 κατ’
1113 599 1229 681 ὁμοίως
1247 609 1321 665 συλ-

238 698 416 778 ληφθέντα,
446 702 511 768 τοῖς
532 695 638 768 ον’τοῖς
657 690 862 775 ἀνεχόμενα,
890 694 908 757 ό
929 692 1008 773 ἴδιος
1029 698 1131 783 ποτηρ
1151 703 1320 782 ἀπέκτεινε,

236 790 491 875 τιμωρησάμενος
511 794 567 856 καί
585 784 677 867 οὗτος
700 790 756 857 τόν
776 798 920 858 τοιοῦτον
941 800 995 879 τῆς
1012 794 1133 882 τόλμης.
1329 810 1346 859 5

319 890 605 966 Καταπλεόσαντος
626 894 661 957 δὲ
682 895 740 955 τοῦ
754 896 907 971 βασιλέως
926 894 1039 959 τοότου
1055 897 1110 959 κατ’
1123 900 1168 973 εἰς
1187 897 1321 963 Ἰταλίαν

237 991 428 1064 ἀπελθόντος
459 992 515 1054 καί
539 988 636 1055 πολλά
668 994 850 1074 δεηθέντος,
878 992 1033 1075 ἀπέσχετο
1061 1000 1121 1074 μὲν
1143 999 1229 1085 adegi
1249 992 1268 1059 ό
1286 1022 1319 1060 τε

236 1087 341 1163 πάπας
362 1086 417 1153 κατ’
436 1086 467 1152 οἱ
496 1092 601 1154 λοιποί
619 1092 729 1165 δοῦναι
747 1095 919 1175 βοήθειαν,
939 1093 996 1155 οάκ
1018 1091 1138 1162 ἔδωκαν
1159 1100 1194 1161 δὲ
1215 1097 1259 1171 τός
1279 1096 1316 1159 τά

235 1193 316 1253 τέλει
338 1188 457 1268 ἔδειξε,
490 1191 764 1274 προφασισάμενοι
802 1186 849 1255 ότι
870 1190 887 1253 ό
909 1192 1061 1272 βασιλεός
1088 1188 1180 1270 οὗτος
1206 1199 1240 1259 ἐν
1259 1196 1319 1281 μιᾷ

235 1291 297 1351 τῶν
317 1284 431 1369 ἑορτῶν
464 1289 503 1349 οὗ
537 1290 723 1365 κατεδέξατο
759 1293 970 1378 προσκυνῆσαι
998 1290 1031 1355 τό
1055 1290 1246 1371 δπομάνικον
1265 1296 1318 1374 τῆς
1330 1310 1362 1362 10

154 1448 160 1461 ,
236 1389 340 1465 δεξιοῖς
359 1391 417 1451 τοῦ
435 1387 695 1468 χωρεπισκόποο,
718 1385 864 1473 όφαντοός
895 1387 1001 1453 ἑπάνοο
1028 1388 1240 1471 κοσμούμενον
1263 1391 1333 1473 την

235 1484 340 1549 εἰκόνα
361 1490 516 1568 Χριστοῦ.
575 1481 647 1550 όδεν
677 1486 694 1549 δ
720 1488 825 1563 πάπας
853 1492 951 1569 λαβῆς
968 1486 1076 1571 τνχάν
1095 1487 1217 1573 ἔγραψε
1241 1495 1319 1555 πᾶσι

234 1589 297 1658 τοῖς
313 1581 445 1659 Ἰταλοῖς
460 1592 611 1666 ιιβασιλεῖ
623 1587 799 1666 Ῥωμαίων,
819 1585 863 1669 μη
884 1590 1123 1677 καταδεξαμὲνρι
1139 1596 1316 1673 προσκυνῆ-

234 1709 289 1748 σαι
310 1682 366 1768 την
384 1688 488 1749 εἰκόνα
505 1689 658 1768 Χριστοῦ,
677 1679 941 1770 όοτιςβοηδησει,
963 1685 1053 1751 ἔσται
1066 1688 1316 1772 ἀσοφχοόρητοςΡ

233 1782 271 1850 τά
291 1790 421 1849 τοιαῦτα
445 1788 479 1849 δὲ
503 1782 728 1867 ἑνωτισάμενος
748 1784 764 1849 ό
784 1785 937 1867 μεγάλαις
964 1785 1154 1872 τρεφόμενος
1176 1797 1245 1864 ταῖς
1264 1793 1315 1854 ε’λ-
1327 1804 1359 1853 15

233 1885 320 1949 πίσιν
342 1882 540 1969 ἀνεχώρησεν
567 1878 603 1963 1ἑξ
639 1886 744 1949 αι’τῶν
774 1890 829 1949 κατ’
857 1888 902 1961 εἰς
926 1886 1076 1950 Βενετίαν
1109 1891 1319 1971 προσέδραμε,

234 1983 484 2066 διαπραξάμενος
513 1987 604 2048 oridia
634 1976 677 2049 τόν
708 1986 804 2067 χάριν
832 1990 969 2070 κατῆλθε
997 1988 1052 2049 καί
1078 1987 1228 2073 ε’δεήδηό
1247 2013 1320 2073 χρι-

234 2081 478 2159 οτιανικιότατος
503 2076 596 2158 οὗτος
613 2081 772 2165 βασιλεύς.

316 2185 361 2245 Ἐν
385 2177 509 2257 τοάτοις
529 2186 564 2247 δὲ
586 2176 690 2264 ὄντος,
717 2187 774 2247 κατ’
794 2182 983 2261 ἀκούσαντος
1006 2181 1060 2251 ,ότι
1080 2188 1280 2270 ἐτελεύτησεν
1301 2185 1320 2247 ό
1437 2261 1438 2272 η

235 2280 372 2348 σονλτάν
393 2282 618 2367 Μεχεμὲτηςό
648 2282 718 2357 υἱός
740 2282 875 2348 σοολτάν
896 2287 1123 2366 Μπαγιαζίτον
1154 2289 1210 2349 τοῦ
1231 2286 1364 2351 'liar-20
1437 2275 1438 2362 i

211 2384 303 2469 ορίμ,
326 2387 379 2448 καί
398 2379 492 2464 diade
514 2382 571 2466 τη“ν
592 2384 759 2468 ἡγεμονίαν
786 2382 939 2449 ότοότοο
969 2382 1038 2460 οἱός
1066 2381 1202 2450 σονλτάν
1222 2390 1319 2450 Mov-

63 2479 84 2512 '
237 2482 346 2567 ράτης,
369 2477 403 2560 iic
426 2476 493 2567 εἶχε
518 2487 572 2548 καί
602 2484 743 2571 ἀδελφόν
774 2489 998 2573 Μονστοφιῖν,
1018 2485 1160 2568 ἀνῆλθε,
1190 2486 1245 2550 κατ’
1261 2484 1320 2570 τήν

236 2768 326 2818 uicum
344 2784 407 2818 avus
425 2774 584 2824 caecaverat,
606 2765 679 2835 quod
698 2766 774 2817 novis
793 2765 871 2816 rebus
890 2765 1001 2817 studens
1019 2767 1116 2835 passim
1135 2766 1255 2817 finitimis
1274 2767 1317 2817 lo-

237 2839 274 2888 cis
293 2838 387 2888 damna
407 2839 557 2900 intulisset,
583 2836 616 2886 ad
634 2837 663 2886 id
681 2837 779 2886 comite
796 2837 924 2904 socioque
947 2855 1010 2887 usus
1032 2839 1107 2888 Musa
1125 2837 1230 2904 Zelepe,
1250 2838 1318 2906 Aga·

238 2924 362 2959 renerum
389 2911 456 2976 regis
485 2910 556 2973 filio,
585 2923 664 2976 quem
695 2908 759 2956 item
784 2915 861 2974 pater
888 2925 967 2968 suus,
999 2915 1029 2958 ut
1046 2909 1148 2976 parium
1169 2909 1317 2958 facinorum

238 2996 328 3041 reum,
345 2979 575 3050 comprehensum,
597 2978 630 3028 de
651 2984 774 3045 suscepta
791 2977 901 3026 audacia
921 2978 1046 3046 puniens,
1068 2979 1247 3030 interfecerat.
1288 3013 1291 3018 -

306 3065 370 3116 Cum
392 3067 473 3133 igitur
493 3063 786 3134 imperator'Mauuelus
806 3079 873 3112 nave
893 3080 1037 3114 conscensa
1055 3065 1083 3114 in
1101 3065 1203 3115 italiam
1222 3081 1318 3133 perre-

236 3137 321 3187 nisset
337 3135 371 3186 de
390 3135 562 3204 subsidioque
580 3151 742 3202 magnopere
768 3133 959 3194 sollicitasset,
979 3135 1103 3201 promisit
1122 3134 1230 3203 quidem
1249 3134 1277 3185 id
1293 3136 1319 3184 ei

237 3207 361 3276 pontifex
380 3207 515 3276 ceterique
534 3223 671 3275 proceres:
689 3204 737 3256 sed
755 3206 910 3272 praestitum
923 3221 978 3254 non
998 3205 1058 3264 fuit,
1076 3206 1146 3255 sicut
1164 3207 1251 3256 exitus
1269 3205 1318 3256 de-

221 3278 357 3328 -ciaravit
400 3294 477 3328 causa
495 3277 721 3345 praetexebatur,
739 3276 895 3326 Manuelum
916 3274 960 3325 die
980 3275 1097 3344 quodam
1116 3276 1185 3327 sesto
1205 3293 1318 3327 venera-

238 3349 339 3399 tionem
357 3350 479 3415 imaginis
500 3348 615 3397 cruciiixi
634 3347 748 3405 Christi,
766 3348 794 3395 in
820 3346 929 3396 dextera
948 3347 1052 3396 manica
1070 3345 1254 3416 chorepiscopi
1274 3347 1319 3397 in-

170 3471 175 3478 ,
239 3428 337 3481 textae,
356 3435 499 3470 recusasse.
544 3415 615 3466 unda
633 3433 711 3466 carisa
732 3417 855 3483 pontifex
881 3425 986 3485 arrepta
1011 3416 1087 3471 italis
1107 3417 1229 3468 omnihus
1249 3418 1317 3468 scri-

238 3491 300 3558 psit,
320 3493 473 3560 quieunque
492 3487 644 3553 imperatori
675 3488 794 3547 Graeco,
825 3487 871 3555 qui
899 3489 1030 3540 uoluisset
1055 3488 1195 3554 imaginem
1217 3487 1319 3540 Christi

238 3559 359 3624 adorare,
380 3561 509 3612 auritium
527 3559 616 3618 terret,
636 3574 695 3607 eum
717 3573 733 3605 a
751 3573 883 3608 sacrorum
896 3559 1082 3609 communione
1101 3559 1159 3609 sine
1177 3559 1255 3610 venia
1270 3577 1318 3609 er·

239 3631 340 3681 clusum
360 3631 402 3682 iri.
440 3630 537 3700 quibus
555 3629 602 3678 iile
626 3627 734 3690 auditis,
752 3627 799 3695 qui
820 3644 914 3694 magna
939 3646 986 3698 spe
1004 3638 1096 3697 pastus
1114 3629 1209 3693 suerat,
1227 3629 1261 3680 ab
1280 3631 1318 3681 eis

240 3703 361 3752 discessit
381 3702 561 3768 venetiasque
590 3698 713 3748 cucurrit.
759 3696 806 3747 sed
825 3715 874 3749 uec
895 3698 934 3749 ibi
961 3700 1104 3770 quicquam
1124 3700 1319 3769 eorumimpe-

239 3775 318 3824 travit
339 3773 374 3822 ob
394 3788 462 3842 quae
474 3777 590 3830 venerat,
608 3784 677 3838 quae
695 3769 853 3821 necessitate
873 3771 1024 3840 compulsus
1037 3772 1178 3840 petiverat,
1188 3769 1320 3823 Christia-

240 3859 291 3899 nae
315 3845 408 3912 pietati
428 3840 608 3893 deditissimus
626 3841 779 3907 imperator.

165 3922 233 3976 1419
311 3930 377 3978 Cum
395 3930 423 3978 in
442 3926 483 3976 his
503 3934 581 3986 esset,
600 3925 693 3977 audito
711 3936 843 3977 mortuum
862 3941 921 3976 esse
940 3941 1028 3992 regem
1047 3927 1193 3994 (sultanum
1211 3929 1320 3996 vocant)

242 3999 458 4060 Mechemetam,
477 3997 524 4066 qui
545 3997 676 4056 Baiazita,
696 4005 874 4064 cognomento
898 3996 1026 4060 litirimo,
1045 4007 1123 4049 natus
1141 4004 1210 4058 erat,
1223 3996 1321 4066 iiiique

243 4072 271 4120 in
290 4086 370 4136 regno
387 4069 543 4119 successisse
560 4067 644 4118 titium
657 4067 795 4129 Muratam,
815 4067 857 4118 cui
871 4067 952 4118 frater
964 4075 1020 4119 erat
1038 4067 1322 4137 nomiueMustaphas,

242 4159 257 4192 a
274 4140 488 4210 peregrinatione
500 4139 548 4192 iila
557 4139 670 4209 Cpolim,
688 4137 756 4190 nihii
775 4155 867 4191 eorum
879 4147 1036 4191 consecutus
1054 4145 1164 4208 propter
1175 4155 1244 4207 quac
1264 4140 1323 4192 exi·
