2884 4775
408 329 410 333 ,
472 257 791 352 acrartncarca
1099 258 1165 322 ιιι

67 406 234 490 ἐκκλησίας
274 409 639 483 Κωνσταντινοοπὸλεως
675 414 803 492 φλωρία
841 404 982 488 χιλιάδες
1015 412 1169 489 τέσσαρες

67 506 124 570 κατ’
141 502 266 582 ἑκατόν.
309 510 365 570 καί
387 509 527 570 δίδονται
556 513 655 572 κοθέν
674 506 792 589 χρόνον
822 511 880 569 τοῦ
900 504 1038 589 μεγάλου
1062 509 1092 571 Γ
1090 530 1171 588 stop-¹

66 606 138 694 γίοοΙ
160 606 206 685 εἰς
226 603 285 687 την
306 603 507 688 ὑψηλοτάτην
528 604 628 689 πάρτα
652 610 709 670 τοῦ
730 602 915 671 σοολτάνοο.

153 701 336 786 Ἠβοοληθη
368 697 425 767 σάν
459 704 598 777 oodric
627 708 826 787 πατριάρχης
859 703 911 767 daci
934 703 971 768 νά
1005 702 1107 789 ὑπάγῃ
1124 706 1170 781 εἰς

38 798 128 882 5την
148 805 296 880 Βλαχίαν
328 804 383 864 καί
415 805 460 874 είς
488 801 545 884 την
577 806 794 883 Πονγιλανίαν.
848 799 1083 883 ίίμωςεάγῆκεν
1105 802 1167 863 α’πό

67 899 126 979 την
146 899 285 981 μεγάλην
306 898 482 985 ἐκκλησίαν,
506 901 560 962 καί
581 899 712 982 ὑπάγετε
734 899 814 979 μετά
834 904 971 981 μερικῶν
993 901 1169 983 άρχιερέων

65 998 123 1059 καί
141 1001 306 1079 κληρικῶν.
357 1003 412 1064 καί
440 1003 485 1073 εἰς
506 999 562 1080 την
591 998 749 1081 ἐπαρχίαν
770 1004 826 1082 τῆς
851 998 1026 1083 ἁγιωτάτης
1047 1021 1169 1080 μητρο-

66 1093 188 1167 πόλεως
213 1098 375 1177 Τορνόβοο
413 1101 571 1181 α’σθένησε
602 1102 657 1161 καί
688 1100 838 1163 α’πέθανε.
882 1098 964 1180 ἔγινσ
994 1100 1028 1162 δὲ
1049 1100 1093 1171 εἰς
1113 1097 1169 1179 την

64 1192 237 1257 ἀσθένειαν
262 1196 363 1258 αὐτοῦ
382 1196 641 1279 μεγαλὸσχημος,
662 1196 716 1259 καί
745 1198 981 1279 ε’μετονομάσθη
1003 1195 1166 1279 Ἰωάννης·
1201 1239 1207 1250 .

19 1294 123 1355 saxol
147 1290 247 1372 ὑπῆγε
271 1291 305 1355 τὸ
326 1298 451 1373 πνεῦμα
472 1297 573 1357 αάτοῦ
595 1298 640 1368 εἰς
663 1294 719 1368 τάς
749 1292 918 1376 οάρανίονς
938 1294 1047 1375 μονάς,
1072 1293 1106 1357 τά
1131 1297 1167 1357 δὲ

63 1384 155 1469 άγιον
175 1391 266 1469 σῶμα
301 1393 405 1454 αὐτοῦ
425 1391 555 1471 ἔθαψαν
577 1396 708 1472 ἐντίμως
742 1396 795 1456 καί
817 1395 967 1471 εάλοβῶς.
1012 1392 1108 1469 ἔκαμε
1130 1395 1165 1455 tt

61 1492 109 1562 εἰς
131 1488 186 1550 τάν
207 1490 439 1571 πατριαρχικὸν
465 1492 580 1570 θρόνον
601 1493 739 1574 χρόνους
768 1496 951 1571 εἰκοσιτρεῖς
980 1491 1034 1554 καί
1052 1497 1164 1572 μῆνας.

61 1588 119 1649 κατ’
151 1583 244 1660 ὅλους
272 1592 344 1661 τούς
368 1593 602 1670 μητροπολίτας
633 1589 688 1652 καί
716 1588 983 1670 άρχιεπισκάποος
1004 1589 1165 1667 ἐχειροτό-

61 1707 149 1766 νησε,
171 1684 227 1746 καί
246 1688 292 1756 εἰς
314 1686 445 1761 πολλσάς
466 1686 603 1768 θρόνους
620 1687 675 1749 καί
694 1689 753 1751 δάο
774 1693 828 1751 κατ’
847 1696 929 1769 τρεῖς
951 1695 1077 1771 φοραῖς,
1098 1685 1163 1747 πά-

16 1787 117 1864 ι5ρεξ
139 1781 238 1862 μόνον
257 1784 314 1845 τάν
336 1788 561 1867 Νικομηὸείας,
582 1784 674 1864 κάρον
695 1785 877 1864 Διονύσιον,
902 1786 981 1847 duaci
1003 1789 1055 1848 δὲν
1077 1789 1163 1865 ἐχει-

61 1878 225 1964 ροτόνησε.
282 1876 357 1965 η’τον
390 1886 425 1947 δὲ
446 1884 563 1962 αὐτός,
592 1882 720 1965 ὁκάρις
742 1883 927 1961 Διονύσιος,
960 1885 1012 1951 καί
1034 1882 1049 1944 ὁ
1072 1882 1162 1963 κάρις
1255 1904 1262 1963 '.

52 1979 214 2061 Ἱερεμίας
240 1986 420 2062 χειροτονία
443 1992 518 2045 ’τοῦ
538 1985 647 2065 πρώην
677 1985 878 2065 πατριάρχου
909 1987 1008 2063 avoni
1043 1981 1162 2062 Θιολη-

58 2102 152 2141 πτον.
178 2083 232 2142 καί
251 2079 346 2155 αὐτὸς
368 2079 384 2145 ὃ
406 2084 622 2163 Νικομηδείας
642 2080 736 2159 ἔλαβε
755 2081 809 2143 τὸν
832 2077 1064 2163 πατριαρχικάν
1085 2078 1164 2160 θρό·

57 2200 114 2240 νον
133 2177 216 2255 μετά
237 2177 291 2241 τάν
310 2178 450 2243 θάνατον
471 2182 529 2243 τοῦ
549 2181 651 2243 adrani
673 2184 776 2261 κοροῦ
789 2179 963 2263 Ἱερεμίου,
985 2179 1028 2253 σάς
1051 2186 1164 2261 φαίνει

13 2296 116 2347 uorat
140 2276 284 2341 κάτωθεν
302 2283 529 2360 γεγραμμένον.

140 2372 245 2454 Ὅμως
265 2376 294 2441 οἱ
313 2379 455 2461 κληρικοί
475 2381 531 2461 τῆς
546 2375 684 2460 μεγάλης
698 2379 873 2462 ἐκκλησίας,
895 2376 937 2450 τάς
962 2373 1085 2455 ἔμαθον
1107 2375 1162 2439 τὸν
1224 2419 1227 2427 »

57 2475 201 2541 θάνατον
222 2480 279 2539 τοῦ
299 2480 521 2559 πατριάρχου,
547 2476 694 2559 ἔγραψαν
728 2481 773 2551 εἰς
805 2475 880 2551 τοάς
902 2481 1031 2558 πλησίον
1053 2472 1163 2558 άρχιε-
1215 2506 1217 2509 ’

59 2581 139 2655 ρεῖς.
193 2579 248 2638 καί
276 2578 510 2660 ἐσονάχθησαν,
532 2578 587 2640 καί
605 2578 737 2650 σύνοδος
764 2574 885 2658 μεγάλη
909 2578 1029 2656 ἐγένετο
1050 2578 1162 2658 α’ρχιε.

58 2855 155 2919 venit3
183 2872 252 2924 quaa
281 2873 382 2906 summa
410 2857 556 2926 quotannis
584 2857 628 2907 die
657 2857 684 2909 S.
704 2855 814 2924 Georgii
842 2856 869 2906 in
889 2856 1060 2924 imperatoria
1083 2863 1159 2925 porta

59 2927 260 2995 repraesentari
279 2927 358 2977 solet.

135 3011 260 3062 Decrevit
290 3013 353 3063 ilem
379 3012 423 3062 hic
441 3012 591 3080 patriarcha
619 3012 751 3081 proficisci
775 3011 803 3080 in
827 3009 982 3060 valachiam
1004 3018 1031 3060 et
1051 3009 1159 3061 Molda-

57 3081 143 3131 viam.
179 3082 231 3133 hoc
262 3099 326 3148 ergo
346 3084 460 3133 consilio
482 3099 602 3149 egressus
631 3097 762 3148 ernagna
781 3081 894 3131 ecclesia
913 3082 966 3131 iter
984 3082 1052 3142 iniit,
1074 3085 1159 3131 comi-

58 3160 135 3203 tatus
155 3154 235 3203 certis
253 3153 416 3221 quibusdam
439 3153 614 3221 pontificibus
642 3161 669 3202 et
688 3152 803 3202 clericis.
850 3151 886 3200 ibi
913 3151 941 3202 in
958 3151 1095 3218 provincia
1116 3169 1161 3201 sa·

57 3223 227 3272 cratissimae
245 3225 428 3292 metropoleos
447 3223 568 3274 Tornobi
592 3231 733 3289 aegrotans
755 3222 834 3272 vitam
856 3219 925 3270 hanc
947 3222 1067 3289 reliquit.
1101 3239 1161 3272 curn

57 3300 151 3343 autem
171 3295 208 3344 ita
226 3294 320 3344 morbo
343 3295 488 3353 laboraret,
506 3291 894 3361 perfectorummonnchorunr
914 3289 1034 3341 habitum
1049 3291 1100 3342 sibi
1119 3292 1162 3342 in-

58 3361 131 3424 duit,
150 3371 253 3414 mutato
274 3367 362 3430 priore
383 3365 491 3414 nomine
511 3365 539 3414 in
560 3364 666 3413 loannis
685 3378 801 3425 nomen;
821 3363 930 3430 spiritus
949 3371 976 3413 et
995 3379 1104 3430 superas
1124 3363 1162 3412 sio

58 3433 119 3483 eius
139 3433 226 3484 abivit
244 3433 278 3483 ad
299 3451 381 3494 arces,
400 3450 513 3500 corpore
533 3434 617 3502 ipsius
637 3449 733 3499 magno
762 3449 821 3482 cum
840 3431 943 3482 honore
962 3434 1079 3499 sepulto.
1116 3450 1155 3483 se·

57 3501 139 3553 derat
151 3505 179 3552 in
192 3503 290 3554 throno
309 3504 501 3569 annosviginti
515 3512 569 3554 tres
584 3513 611 3555 et
622 3503 729 3572 aliquot
746 3519 860 3552 mensas.
880 3501 1050 3552 ordinaverat
1069 3519 1162 3553 omnes
1236 3531 1238 3542 ι

61 3574 255 3641 metropolitas
280 3582 308 3624 et
326 3574 552 3642 archiepiscopos,
572 3575 656 3642 idque
684 3576 712 3623 in
733 3573 825 3623 multis
847 3572 954 3622 thronis
973 3579 999 3623 et
1020 3572 1059 3622 bis
1078 3582 1161 3633 terve,

59 3651 178 3711 excepto
201 3645 260 3694 solo
274 3643 476 3695 Nicornedienai
492 3644 631 3710 Dionysio,
651 3645 698 3714 qui
718 3661 774 3694 non
792 3643 826 3691 ab
849 3643 906 3709 ipso
929 3641 1067 3693 ordinatus
1092 3651 1161 3693 erat:

56 3713 108 3764 aed
129 3721 158 3764 et
176 3713 248 3765 hunc
263 3716 421 3781 Dionysium
440 3723 468 3764 et
483 3715 569 3782 ipsum
582 3714 743 3764 Hieremiam
764 3713 886 3781 superior
906 3713 1055 3779 patriarcha
1067 3712 1162 3763 Theo-

56 3785 151 3852 leptus
174 3783 354 3839 ordinaverat.
394 3794 421 3836 et
449 3785 520 3834 idern
540 3784 583 3834 hic
602 3783 775 3834 Nicomediae
804 3783 915 3832 antistes
937 3791 1043 3833 mortno
1066 3784 1162 3834 llicre·

57 3855 129 3905 miae
149 3856 279 3906 successit
297 3856 326 3905 in
344 3854 534 3924 patriarchatu,
555 3857 624 3905 sicut
644 3855 757 3906 inferius
777 3851 927 3903 docebitur.

147 3941 263 4009 Vulgata
290 3951 377 3994 morte
406 3942 577 4011 patriarchas
597 3942 687 3992 clerici
706 3957 818 4006 magnae
847 3939 977 3990 ecclesiae
999 3939 1163 4006 scripserunt

57 4012 92 4062 ad
111 4013 251 4080 proximos
273 4014 425 4077 antistites;
446 4013 545 4081 quibus
564 4014 731 4078 congregatis
747 4012 874 4079 frequens
893 4009 1036 4060 concilium
1061 4009 1161 4059 facturn
1230 4023 1234 4032 ·

58 4090 101 4134 ast
118 4083 280 4151 pontificum
311 4084 471 4135 clericorum
498 4084 650 4153 principum
678 4091 706 4134 et
731 4081 877 4132 multorum
906 4079 1018 4133 aliorum
1033 4086 1161 4151 expertas
