2884 4775
267 237 342 312 aaa
639 247 695 314 uu
723 243 855 314 ausus
883 245 991 312 arun
1037 333 1040 340 ι
1130 281 1132 285 ψ

266 413 317 486 λιν
337 400 355 468 ό
376 404 528 495 τόραννος
548 405 670 484 adroic
690 407 868 492 ἐξορύττει,
891 409 947 473 καί
967 401 1066 472 αότόν
1088 402 1268 492 πιπράσκει.
1311 409 1363 472 καί

266 499 336 570 όσοι
358 505 421 570 τοῖν
440 502 501 570 ὑπό
525 503 580 590 την
600 509 767 594 ἐκκλησίαν
788 504 808 594 ἢ
829 505 976 595 πάροικοι
998 504 1058 572 aiud
1074 505 1131 592 την
1152 503 1363 593 κακοπραγίαν

258 607 369 687 ,orituri
401 609 677 695 ε’ναπελείφθησαν
712 604 902 693 ἄνθρωποι,
924 590 1052 692 ἐξέβαλε
1078 611 1137 691 μὲν
1171 607 1288 686 αότοός
1310 611 1365 693 τῆς

266 710 452 791 Προνοίας,
483 710 539 772 συίι
560 707 611 772 εἴα
633 713 668 774 di
689 712 723 775 όν
747 713 785 798 τῇ
810 715 971 800 όκκλησίρ,
992 709 1073 775 α’λλό
1098 713 1138 774 δι’
1161 705 1281 775 ἑαυτοῦ
1300 711 1361 774 αό-
1434 727 1435 754 ¹

266 805 318 882 τὸς
338 803 512 894 ἐπεκρότει.
555 811 611 873 καί
630 808 685 876 τόν
708 805 797 894 όίηιον
824 815 859 876 δὲ
880 810 1019 878 Δονότον
1041 793 1128 898 πάρό
1151 814 1210 876 τοῦ
1230 816 1387 898 Μυρσι-5

265 909 417 993 ροβὲρτου
435 907 622 994 ἐξωνήσατο.

266 1051 289 1106 ⁴>
368 1015 418 1098 Τῷ
442 1013 476 1074 δὲ
496 1012 579 1078 6889
601 1009 681 1099 ἔτει,
706 1010 769 1077 α’πό
803 1015 838 1077 δὲ
859 1016 1006 1098 Χριστσό
1029 1015 1121 1096 1382,
1142 1015 1312 1079 ι’νόικτιοόνι
1332 1013 1364 1095 ε’,

263 1109 360 1200 ἔφερε
392 1112 447 1178 τόν
469 1117 605 1197 Kranaia
637 1112 720 1198 μετὰ
761 1115 928 1196 Τοόρκιον,
963 1117 1018 1178 scii
1046 1113 1122 1192 τοός
1148 1117 1365 1190 Ζουλαναίους

262 1203 479 1302 Ιἢχμαλοότισε.
525 1221 581 1279 καί
597 1241 644 1293 τις
671 1214 771 1302 σοφός
792 1211 891 1279 αότόν
919 1219 1173 1300 προσηγόρευσεν
1196 1209 1295 1288 οὕτως
1317 1218 1364 1280 εί-
1434 1197 1435 1244 3

183 1398 187 1406 Ι
262 1311 332 1378 πυόν
347 1315 491 1396 (ίΘσιμιῖς
512 1311 527 1376 ὁ
547 1314 701 1400 δεσπότης
724 1314 906 1399 α’στοχὴσας
928 1313 1003 1390 τοός
1024 1321 1187 1392 Λατίνους
1210 1313 1362 1397 Τοόρκσις
1374 1333 1403 1385 10

263 1419 500 1498 συγκοινωνεΐ·”
528 1420 584 1481 καί
601 1414 782 1500 α’ποστότην
808 1415 905 1482 αότόν
927 1417 1124 1502 ἐμαρτύρει,
1146 1421 1243 1500 λέγων
1265 1411 1313 1481 ότι
1335 1418 1366 1481 εἰ

262 1508 301 1598 ἦν
321 1519 534 1600 μεταποιῆσαι
559 1519 712 1583 α’ντίτυπα
733 1519 795 1582 τόν
815 1514 1050 1599 sacundionis
1073 1516 1153 1602 πρός
1175 1510 1251 1583 «itio
1271 1515 1360 1600 εόρί·
1434 1575 1435 1584 ,

263 1639 354 1681 σκετο
380 1610 437 1697 όν,
458 1614 492 1682 τό
515 1621 551 1682 di
572 1621 629 1681 τοῦ
650 1617 802 1698 διαβόλου
824 1620 935 1692 σκεόσς
964 1619 1022 1681 οόκ
1045 1610 1084 1682 όν
1107 1608 1184 1682 ἄλλο
1204 1615 1364 1700 εὑρίσκετο
1434 1669 1435 1674 ,

265 1718 295 1780 εἰ
316 1714 361 1800 μη
395 1715 429 1782 τό
463 1720 520 1781 τοῦ
544 1721 647 1799 Θωμοῖ
677 1721 800 1800 σκῆνος.
843 1721 934 1782 τοῦτο
965 1719 1000 1782 δὲ
1024 1720 1134 1783 ἑκειλει
1156 1715 1189 1782 τό
1210 1720 1270 1798 μὲν
1285 1720 1363 1800 πρό.

242 1890 244 1895 .
264 1841 355 1901 τερον
376 1813 415 1881 od
437 1821 591 1905 φανεροῖς,
616 1814 749 1901 ὕστερον
771 1822 806 1883 ot
838 1821 893 1882 καί
912 1821 1151 1901 κατέμπροσθεν
1170 1818 1268 1882 adecti
1292 1818 1363 1902 ἔκη’·
1374 1836 1405 1887 15
1434 1891 1435 1900 ¹

263 1924 349 2001 ρυξε,
370 1923 469 2004 λέγων
490 1922 646 1995 “τσισῦτος
669 1912 701 1982 εἶ
717 1917 770 2000 ου’,
793 1920 848 1982 καί
867 1913 949 1984 odam
978 1943 1013 1984 σε
1039 1921 1198 2002 λέγομεν.”

364 2024 434 2086 Καί
454 2024 496 2109 τῷ
517 2020 605 2109 αὐτῷ
625 2017 687 2084 ἔτει
711 2020 805 2084 πόλιν
824 2013 927 2106 Ιη’λθεν
950 2001 1103 2116 όἸσαΐμ,
1122 2020 1235 2084 Μαΐου
1258 2023 1289 2102 5,
1311 2013 1364 2083 ὅτε

261 2123 318 2187 καί
332 2119 387 2186 τόν
403 2122 570 2207 Ῥευνῆκον
593 2119 656 2184 όπό
680 2113 818 2185 vuadios
839 2123 963 2208 ἑπῇραν
982 2119 1011 2185 οἱ
1038 2124 1184 2205 Τοόρκοι.

240 2236 268 2300 ,’
343 2225 431 2289 ‚Kal
451 2220 585 2286 πόλινό
618 2220 746 2298 Eneca,
775 2215 873 2304 ἦλθεν
894 2225 953 2296 ἕως
974 2221 1226 2306 τῆςἎρσόλης·
1269 2217 1361 2285 καλό

261 2323 580 2411 Μυρσιμακαζιανός,
603 2323 747 2408 γαμβρός
770 2315 814 2388 aiv
835 2327 891 2388 rori
913 2321 1035 2405 Σπότα,
1056 2324 1133 2403 μετὰ
1158 2323 1296 2408 μεηόλης
1313 2335 1401 2391 auto

259 2433 321 2511 μῆς
343 2430 388 2501 εἰς
409 2427 464 2512 τὴν
493 2424 584 2489 πόλιν
614 2427 770 2508 εἰσῆλθε,
794 2426 848 2487 καί
875 2423 953 2505 μετό
989 2425 1041 2509 τῆς
1055 2424 1176 2508 Ἑλένης
1200 2419 1362 2487 τόνΣπό-

259 2553 318 2593 ταν
348 2527 639 2609 ψευόοβιβόζεται,
669 2524 725 2590 καί
750 2524 855 2617 αότόνι
879 2524 1072 2613 ὑποστρέφει
1107 2523 1161 2587 καί
1190 2522 1263 2601 τούς
1296 2527 1363 2587 Ζε-

330 2720 372 2777 1'4.
393 2722 486 2778 ἐλάλει
494 2723 511 2776 λ

259 2887 331 2940 oculi
345 2888 403 2938 eius
416 2903 465 2956 per
475 2887 544 2939 viros
562 2886 621 2957 pios
635 2901 685 2955 pro
703 2883 763 2951 200Ι
773 2883 867 2953 aspris,
885 2891 913 2934 et
933 2900 1022 2935 rursus
1037 2891 1165 2950 tyrannus
1184 2900 1230 2935 ees
1252 2885 1361 2948 effodit,

261 2976 375 3029 eumque
393 2958 506 3024 vendin
523 2966 552 3009 et
571 2974 626 3020 eos,
651 2958 699 3028 qui
714 2974 748 3009 er
768 2956 862 3010 ordina
885 2954 1072 3016 ecclesiastico,
1086 2965 1133 3008 aut
1155 2957 1211 3007 eius
1230 2958 1361 3025 pravitati

257 3031 342 3084 victui
362 3030 450 3081 relicti
471 3038 555 3092 erant,
574 3046 607 3081 ex
626 3029 759 3081 coenobio
778 3025 963 3079 Providentiae
984 3027 1106 3097 expulit,
1125 3044 1214 3097 neque
1234 3029 1297 3080 sivit
1314 3046 1361 3079 eos

257 3103 287 3153 in
307 3102 545 3163 ecciesia'morari,
565 3100 682 3170 sedipse
699 3118 748 3171 per
760 3117 787 3152 se
807 3116 864 3151 earn
882 3101 1030 3168 occupavit,
1049 3108 1077 3151 et
1091 3108 1209 3152 sanctum
1221 3094 1362 3153 Donatum

258 3192 274 3225 a
290 3174 401 3225 domino
421 3173 538 3225 Roberto
558 3173 680 3224 redemit.
1083 3184 1085 3189 ’

358 3248 434 3297 Auno
454 3252 545 3294 autem
564 3243 644 3305 6889,
664 3262 690 3311 p.
710 3243 773 3295 Chr.
797 3262 824 3294 n.
844 3242 921 3309 1382,
943 3242 1101 3295 indictionis
1120 3244 1146 3307 5,
1167 3242 1275 3294 Costem
1297 3259 1360 3293 curn

257 3316 354 3369 Turcis
374 3314 497 3378 adduxit,
518 3324 546 3366 et
562 3314 709 3366 Zulanaeos
728 3316 811 3386 cepit,
832 3324 860 3366 et
885 3316 992 3383 sapiens
1011 3313 1121 3385 quidam
1142 3332 1202 3365 eum
1223 3315 1360 3366 aiiocntus

238 3396 300 3445 aest
318 3386 361 3437 hia
378 3386 467 3438 verbis
479 3426 488 3450 ,
502 3384 620 3438 Thomas
639 3395 766 3453 tyrannus
787 3387 890 3439 Latinis
910 3385 1022 3437 desertis
1040 3404 1099 3438 cunr
1118 3386 1212 3437 'i'urcis
1233 3386 1310 3453 agit,
1332 3395 1359 3437 et

259 3466 408 3528 apostatam
434 3475 494 3509 enm
521 3474 579 3509 esse
608 3465 722 3509 testatus
753 3466 809 3520 est,
837 3474 896 3508 curn
919 3456 1038 3521 diceret,
1059 3460 1081 3509 εἰ
1104 3457 1241 3525 diffingere
1262 3458 1361 3509 liceret

260 3530 412 3599 antitypum
430 3529 546 3592 mundi,
573 3528 650 3580 aliud
677 3546 726 3598 pro
747 3530 799 3579 alia
820 3544 847 3578 re
868 3530 1007 3581 inventum
1035 3530 1088 3591 iri,
1113 3528 1187 3599 quod
1211 3538 1303 3579 antem
1327 3528 1361 3579 ad

258 3600 362 3652 diaboii
385 3619 481 3671 corpur
508 3602 643 3665 attineat,
668 3598 744 3650 aliud
761 3600 865 3650 nullum
890 3601 1026 3651 inventurn
1046 3602 1079 3651 iri
1100 3601 1151 3651 uisi
1171 3600 1294 3652 'thomae
1314 3616 1363 3650 ca-

258 3672 348 3727 daver.
394 3673 460 3725 haec
488 3673 598 3745 quidem
623 3680 702 3723 antea
733 3687 788 3721 non
814 3680 907 3739 aperte
936 3672 1112 3740 loquebatur,
1147 3680 1242 3742 postea
1268 3680 1361 3722 autern
1427 3707 1428 3711 ,

259 3745 340 3795 etiam
359 3760 447 3795 coram
466 3762 498 3797 eo
518 3743 720 3816 pronuntiabat,
739 3742 780 3793 his
801 3742 909 3794 verbis:
933 3745 1007 3795 ¹talis
1028 3752 1056 3795 tu
1073 3737 1111 3805 ee,
1129 3754 1157 3794 et
1177 3742 1229 3794 hoc
1247 3744 1361 3793 nomine

258 3824 285 3867 te
304 3832 439 3869 vocemus.
1297 3874 1303 3883 .

325 3902 328 3906 ·
358 3890 446 3957 rttque
467 3884 563 3939 eodem
581 3904 652 3938 anuo
671 3886 751 3937 istim
770 3902 889 3947 reversus
916 3893 964 3951 est,
982 3887 1083 3938 mensis
1104 3886 1168 3937 Maii
1190 3885 1235 3937 die
1254 3886 1280 3948 5,
1299 3903 1362 3936 curn

259 3960 339 4011 etiam
359 3961 512 4011 Reunecum
532 3958 620 4026 gladio
640 3966 766 4027 caperent
780 3960 803 4009 Τ
806 3974 892 4009 ureae.

356 4031 391 4081 Et
404 4047 498 4085 :rursus
518 4030 614 4099 Spatas
634 4047 719 4100 neque
738 4028 771 4080 ad
790 4029 896 4079 Arularn
916 4030 1004 4092 venit,
1032 4037 1060 4082 et
1079 4028 1204 4079 dominus
1225 4028 1363 4079 Macazia-

191 4154 194 4163 1
256 4121 317 4167 uns,
336 4116 419 4172 gener
429 4102 537 4171 spatae,
556 4103 658 4170 magnis
678 4119 737 4152 cum
752 4102 900 4153 honoribus
919 4101 947 4153 in
965 4101 1060 4154 urbem
1078 4101 1160 4163 venit,
1180 4110 1208 4152 et
1226 4118 1286 4151 cum
1302 4101 1364 4152 He·

256 4177 320 4237 terra
342 4176 453 4255 Spatura
470 4174 642 4231 matrimonio
662 4173 725 4228 ficto
746 4172 886 4239 conducit,
906 4181 934 4229 et
955 4190 1016 4229 curn
1037 4181 1214 4231 revertentem
1234 4173 1313 4241 sach,
1336 4181 1365 4229 et
1434 4174 1435 4237 i
