2884 4775
550 244 752 310 nouuus.
1156 229 1202 307 tr

110 418 161 476 τερ
171 396 203 474 ;''
225 394 245 475 ἦ
268 394 303 457 δὲ
323 386 395 477 ’ἔφη
423 382 571 469 (λα’ξίονσιν
593 389 657 474 ἔχω
686 392 888 473 ποιῆσοίσοι
910 391 991 471 περί
1004 413 1090 471 τινος
1108 397 1202 455 καλο-

110 490 208 576 γηρου
232 491 325 571 ἐμοῦ,
348 485 433 564 ὅπως
446 492 592 579 κυριδσης
613 484 934 573 αδτόνπίι-τριᾰρχην.
976 488 1031 553 καί
1050 488 1109 553 δύο
1131 492 1204 553 δια-

109 592 294 677 φερομένων
314 584 330 653 ὃ
349 592 452 673 τρίτος
479 590 644 673 γενήσεται
675 592 835 672 πρῶτος.”·
880 584 962 670 ἄρας
991 582 1049 654 οὖν
1073 589 1203 669 illunc.

109 692 182 764 λείις
207 690 245 754 τοὶ
271 691 397 774 φλίορία
417 686 479 774 ἔφη
501 691 701 771 ιιειίγαρισταῖ
722 712 791 753 σοι·
842 690 935 771 ποίει,
955 691 1066 772 μῆτερ,
1085 686 1104 751 δ
1124 686 1202 770 βοί-
1277 766 1286 774 „

82 793 191 853 alet-”1
226 792 281 855 καί
311 782 410 863 οὕτως
432 790 627 872 ἀνεβιβάσθη
654 790 699 863 τίς
718 786 773 853 τὸν
794 786 1026 870 πατριαρχικδν
1045 788 1162 870 θρόνον
1183 785 1244 851 0‘23
1319 784 1327 800 '

107 888 215 971 κύριος
234 885 404 963 Διονύσιος
426 890 549 975 ὁρισμῷ
576 893 634 953 τοῦ
662 890 857 970 κρατοῦντος.
909 882 985 951 ὅθεν
1016 888 1115 969 ὃμὲν
1136 892 1202 951 Σοέ-

107 986 194 1075 uadis
214 986 415 1072 ἀνεχώρησεν
435 990 469 1052 ἐν
489 992 527 1075 τῇ
546 991 627 1075 μονῇ
657 991 714 1052 τοῦ
735 985 943 1070 Στενιμιίχου,
967 984 985 1050 δ
1006 990 1041 1051 δὲ
1066 989 1203 1072 Μοίριος

108 1082 204 1167 ἔλαβε
236 1084 292 1169 την
319 1085 570 1175 υἷργιεπισκοπὴν
598 1088 753 1169 Ἀχρίδου
788 1089 843 1150 καί
864 1084 970 1168 ο’λίγον
993 1082 1113 1168 βιώσας
1134 1089 1201 1153 ε’τε-

106 1185 266 1267 λείτησεν.

64 1291 97 1344 10
184 1278 222 1347 ‘0
242 1287 277 1348 δὲ
299 1281 407 1365 κύριος
427 1280 599 1360 Διονύσιος
626 1281 885 1367 πατριαρχείσας
905 1281 961 1368 ἔτη
982 1284 1063 1348 insui
1087 1286 1201 1366 ἐξῆλθε

105 1386 162 1465 τῆς
184 1381 304 1459 πόλεως
334 1382 388 1447 διὰ
426 1384 532 1448 αἰτίαν
563 1382 705 1447 τοιουτου
738 1384 927 1452 σκανδάλου.
970 1375 1058 1459 οὗτος
1080 1376 1117 1468 ἦν
1137 1382 1199 1446 α’πδ

104 1480 361 1564 Πελοποννήσου,
385 1477 451 1546 εἶτα
471 1487 506 1546 ἐν
521 1485 687 1570 Βυζαντίῳ
702 1482 957 1566 παραγενόμενος
980 1484 1102 1566 ἐγένετο
1120 1482 1200 1545 ὑπο-

101 1579 248 1657 τακτικὸς
258 1578 398 1664 Μάρκου
408 1576 541 1667 Ἐφέσου
562 1586 620 1646 τοῦ
637 1584 809 1662 είγενιιιοιῖ,
828 1573 854 1672 ᾧ
874 1577 930 1646 sui
951 1581 1126 1666 ἐπαιδεύθη
1140 1579 1201 1665 την

104 1680 280 1764 μοναδικην
295 1680 452 1747 πολιτείαν
464 1686 518 1746 καί
529 1678 652 1765 ἀρετήν.
665 1678 747 1762 μετά
767 1684 803 1746 δὲ
813 1681 870 1766 τὴν
881 1678 1001 1754 ἅλυσιν
1013 1678 1127 1763 ἔλαβον
1139 1681 1199 1745 ατί-

62 1790 93 1843 15
102 1776 157 1843 τὸν
173 1782 382 1864 αἰχμάλωτον,
396 1784 452 1845 καί
465 1782 618 1864 η’γόροσεν
633 1778 932 1867 acclamatorium}
949 1806 996 1857 τις
1016 1785 1050 1847 ἐν
1070 1781 1199 1864 Ἀδρια-

100 1879 259 1944 νουπδλει.
273 1881 308 1943 εἰι
320 1883 354 1943 δὲ
370 1884 426 1964 τῆς
445 1878 558 1964 ἀρετῆς
572 1882 682 1964 ου’τσῦ,
700 1880 744 1954 ὥς
757 1883 791 1943 ἐν
811 1881 917 1968 δλίγηι,
935 1883 1040 1963 γέγονε
1065 1881 1119 1944 καί
1135 1905 1199 1963 μη-

100 1986 287 2063 τροπολίτης
299 1977 590 2061 Φιλιπποοπίλεως,
607 1974 685 2064 εἶτα,
698 1979 743 2055 ὥς
756 1978 890 2063 εἴρηται,
911 1978 967 2042 καί
986 1978 1194 2062 πατριάρχης.
1286 2043 1288 2048 ,

100 2077 214 2142 τούτου
229 2081 264 2143 δὲ
285 2080 375 2143 ἕνεκα
397 2076 450 2143 δαί
462 2104 492 2144 τι
511 2077 687 2144 σκάνδαλον
698 2103 782 2153 τινες
800 2082 986 2162 χοιρέκακοι
1000 2076 1196 2163 διεφήμισαν

101 2172 151 2243 δτι
164 2174 238 2242 ’ἔστι
263 2182 528 2262 περιτετμημένος
546 2179 632 2263 παρὰ
652 2183 713 2244 τοῖν
734 2180 938 2263 Ἰσμαηλιτῶν
963 2170 1007 2243 riv
1028 2181 1195 2261 περιέσχον

57 2274 198 2340 thurinis
211 2278 334 2343 δοῦλον.
357 2272 431 2343 ὅθεν
444 2280 582 2344 σονίδου
603 2280 877 2364 συγκροτηθείοης,
888 2275 1053 2360 παρόντων
1071 2279 1193 2341 πολλῶν

99 2378 156 2440 καί
175 2374 353 2442 ἐπισκόπων
376 2384 432 2443 καί
450 2383 686 2463 μητροπολιταῑν
710 2383 765 2445 καί
786 2378 902 2454 παντὸς
922 2378 1021 2444 εἰπεῖν
1040 2382 1097 2443 coi
1117 2377 1210 2462 ulei--

99 2499 177 2560 ρου,
195 2479 411 2559 διεβεβαιοῦτο
432 2479 540 2556 αὐτοῖς
560 2475 608 2544 ὅτι
630 2484 827 2570 συκοφαντία
847 2483 902 2545 καί
921 2474 998 2562 οδχί
1015 2468 1152 2565 α’λὴδεια
1172 2476 1193 2540 δ

99 2777 207 2812 reorum
223 2762 258 2813 ad
278 2781 364 2832 regem
383 2765 460 2816 abiit.
498 2782 578 2835 quarn
599 2782 653 2818 rem
670 2765 728 2834 ipse
746 2767 916 2835 conspicatus
928 2767 1019 2836 inquit
1037 2765 1121 2834 “quid
1139 2763 1192 2816 hoc

98 2840 149 2893 est,
171 2833 290 2886 mater?’'
313 2836 374 2887 inlit
399 2835 466 2887 hacc
489 2841 588 2888 “allero
617 2837 778 2906 petitionem
810 2838 945 2906 quandam
972 2837 1006 2888 ad
1025 2837 1191 2888 maiestatem

97 2909 189 2969 tuam3
209 2915 331 2974 quaeest
349 2916 378 2958 ut
397 2906 530 2976 quendam
544 2907 709 2959 'monachum
730 2925 817 2958 meum
838 2909 977 2958 confirmes
997 2907 1193 2976 patriarchum

97 2982 136 3037 ut,
160 2973 222 3025 <lum
243 2977 289 3026 ulii
312 2976 366 3027 duo
377 2977 448 3028 inter
465 2995 493 3030 se
509 2979 681 3041 altercantur,
702 2981 797 3029 tertius
814 2979 999 3029 interveniens
1019 2979 1118 3028 existat
1134 2978 1191 3045 pri-

95 3046 184 3095 mus.'’
221 3063 267 3096 rex
287 3048 393 3099 sublato
412 3066 477 3099 auro
507 3047 665 3118 inquit·‘ha
686 3047 731 3110 ha,
751 3066 801 3117 ago
827 3047 878 3098 tihi
896 3049 1001 3114 gratias,
1021 3065 1080 3098 mea
1099 3057 1191 3099 mater.

96 3115 139 3165 lac
157 3115 231 3186 quod
248 3119 312 3168 via.''
356 3119 395 3169 ita
418 3136 479 3188 ergo
504 3121 532 3171 in
551 3118 757 3190 patriarchicum
780 3117 871 3170 sedem
898 3128 1006 3172 evectus
1032 3119 1085 3170 luit
1103 3117 1191 3169 bonus

95 3185 243 3253 Dionysius
262 3188 351 3240 edicto
371 3191 549 3259 imperatoris.
598 3199 662 3240 tunc
681 3190 799 3256 Symeon
821 3190 931 3240 recessit
948 3191 976 3241 iu
998 3190 1191 3240 monasterium

95 3257 279 3322 Stenimachi,
300 3261 406 3311 Marcus
434 3277 498 3312 vero
523 3260 675 3310 Aclsridano
699 3259 932 3331 archiepiscopatu
957 3261 1061 3331 potitus
1084 3269 1143 3328 θεῖς
1160 3261 1190 3314 iu

94 3344 151 3397 quo
171 3329 248 3390 obiit,
266 3339 328 3399 post
346 3332 495 3401 aliquanto,
515 3330 586 3382 diem
606 3349 693 3382 suum.

167 3412 311 3483 Dionysius
330 3419 408 3470 annis
429 3428 489 3470 octo
509 3419 537 3470 in
557 3434 668 3469 munero
689 3417 868 3486 patriarchico
888 3418 988 3469 exactis
1007 3415 1074 3468 urbe
1094 3434 1189 3470 excea-

93 3487 139 3550 sit,
157 3486 310 3539 interventu
332 3490 394 3540 talis
414 3491 587 3552 offensionis,
605 3507 674 3559 quae
696 3491 829 3558 sequitur.
848 3498 905 3541 erat
924 3491 948 3540 is
967 3506 982 3539 e
1001 3489 1189 3556 Peloponneso

93 3558 235 3608 oriundus.
283 3559 346 3609 inde
367 3561 522 3626 Byzantium
552 3561 690 3630 proiectus
714 3578 743 3611 se
767 3561 919 3610 ministrum
949 3558 1071 3610 subdidit
1095 3560 1188 3610 Marco

92 3628 249 3694 Eugenium
268 3630 368 3698 Ephesi
397 3631 529 3695 antistiti;
562 3649 578 3682 a
596 3649 650 3702 quo
670 3632 751 3682 etiam
770 3630 804 3681 ad
822 3630 997 3682 monasticam
1016 3629 1186 3699 disciplinam

91 3699 276 3770 virtutemque
306 3703 465 3753 informatus
493 3710 541 3754 est.
592 3702 656 3752 urbe
684 3711 837 3771 expugnata
863 3710 957 3770 captus
979 3701 1188 3769 luit3eumque

91 3769 263 3822 Christianus
282 3774 414 3842 quispiam
435 3773 610 3844 Adrianopoli
632 3775 704 3824 emit.
749 3771 865 3823 eminuit
885 3781 949 3823 tunc
966 3772 1004 3822 ita
1022 3774 1106 3822 virtus
1127 3772 1187 3822 eius

91 3849 123 3892 ut
144 3841 220 3894 brevi
248 3843 391 3894 admodum
415 3853 537 3913 tempore
564 3845 737 3912 metropolita
766 3842 987 3911 Philippopoleos
1020 3842 1107 3893 factus
1135 3843 1187 3904 sit;

90 3927 147 3978 qrro
168 3912 251 3979 gradu
272 3915 300 3964 in
321 3915 463 3965 sublimem
485 3913 678 3984 patriarchicae
697 3909 936 3964 administrationis
956 3913 1124 3982 dignitatem,
1147 3913 1186 3963 uti

91 3979 230 4047 diximus,
261 3986 393 4036 ascendit.
437 3987 507 4050 iarn,
536 3987 599 4056 quia
618 3985 788 4037 renundatus
811 3986 911 4046 luerat,
937 3986 1044 4054 quidam
1063 3982 1186 4034 homines

88 4055 202 4121 maligni
221 4056 246 4105 ei
268 4057 366 4110 malum
381 4065 523 4115 struentes,
544 4057 594 4106 hac
607 4073 686 4106 causa
705 4064 811 4124 arrepta
831 4055 909 4121 vulgo
921 4054 1080 4106 dictitarunt
1098 4056 1186 4125 ipsum

89 4122 127 4176 ah
147 4126 310 4192 ismaelitis,
337 4145 352 4179 a
371 4127 469 4200 quibus
488 4136 580 4199 captus
598 4135 626 4179 et
654 4144 703 4197 pro
719 4143 802 4206 ¹servo
820 4126 945 4180 venditus
963 4136 1031 4189 erat,
1047 4126 1187 4178 circumci-
