2884 4775
503 209 819 278 almisacurcs.
878 193 882 198 ’
1131 184 1179 277 89

86 358 264 447 μετεβλήθη
287 363 331 437 εἷς
351 357 407 445 τήν
425 361 529 445 σόρκα
552 356 573 445 ἢ
595 362 653 447 τὴν
676 359 787 445 ψυχὴν
816 366 874 424 τοῦ
897 362 1049 445 Χριστοῦ,
1071 354 1181 445 οῦειῆ

88 452 169 545 σὰρξ1
196 464 254 525 τοῦ
285 464 430 541 Χριστοῦ
464 457 484 547 ἢ
514 460 645 547 ἡψυχὴ
678 464 779 525 αῦτοῦ
803 459 983 546 μετετρότιη
1013 464 1059 537 εἰς
1091 457 1182 543 λόγον

87 564 178 645 θεοῦ,
198 556 279 627 attii
307 552 347 643 ἦν
370 564 425 624 καί
444 558 531 626 ἔστιν
551 566 584 627 όν
604 565 648 650 τῷ
668 565 809 648 Χριστῷ,
840 558 919 641 μετό
943 561 998 642 τὴν
1018 561 1181 643 ῦτιερθαό.

87 684 205 740 μσστον
233 658 332 725 αῦτοῦ
352 661 532 739 οἰκονομίαν
553 663 690 744 ἐκείνην,
719 658 735 723 ό
756 664 814 738 μὲν
837 662 895 723 τοῦ
915 663 994 722 θεοῦ
1017 661 1107 743 λόγος
1128 658 1180 724 λό·

64 772 79 821 5
87 779 152 839 γος,
175 757 194 837 ἦ
219 758 254 819 δὲ
275 754 482 841 α’νθρωτιότης
511 758 728 842 οἶνθριστιότης.
782 757 838 821 ιιαό
857 750 907 821 ότι
927 752 965 819 οῦ
987 763 1181 840 προσέλαβεν

88 856 107 938 ἦ
138 853 344 939 α’νθρωντότης
378 858 434 919 τοῦ
469 858 613 936 Χριστοῦ
641 854 697 939 τήν
730 855 885 939 θεότητσ,
916 858 986 919 ἀλλ’
1016 856 1034 939 ἦ
1067 857 1182 942 θεότης

86 958 147 1017 τσῦ
182 950 272 1035 λόγου
309 955 366 1016 τοῦ
406 957 485 1017 θεοῦ
517 958 692 1036 προσέλαβε
734 952 790 1035 τόν
826 955 1027 1037 ἀνθρωπείαν
1066 955 1181 1041 φῦσιν,

86 1056 121 1117 ἐν
153 1053 241 1139 αῦτῷ
270 1058 315 1138 τῷ
346 1056 591 1137 προσληφθῆναι
623 1057 793 1121 συστᾶσαν.
842 1057 906 1117 τισῖν
936 1049 1014 1137 όνιερ
1044 1052 1130 1119 ε’στόν
1149 1052 1183 1119 όν

85 1153 130 1238 τῷ
153 1151 220 1237 θεῷ
245 1148 300 1236 κατ’
332 1152 366 1213 ἑκ
399 1153 455 1214 τοῦ
482 1153 579 1233 θεοῦ,
612 1156 754 1236 φυσικιῦς
783 1151 859 1225 θεός
888 1152 986 1230 ἐστιν,
1016 1152 1094 1217 διότι
1125 1152 1183 1215 cdx

47 1247 172 1315 1θέστιν
192 1252 226 1314 ἐν
243 1253 286 1335 τῷ
310 1252 374 1335 θεῷ
394 1248 601 1333 συμβεβηκός.
660 1253 714 1313 καί
735 1248 789 1314 ded
810 1253 904 1314 τοῦτο
927 1248 980 1315 τόν
1002 1251 1111 1336 νοητὸν
1132 1248 1183 1315 λό-

84 1374 142 1431 γον
161 1350 219 1414 τοῦ
240 1351 319 1413 θεοῦ
353 1346 429 1412 θεόν
457 1346 652 1428 ὀνομάζομεν
687 1352 744 1413 ιιοιί
773 1344 972 1428 αισιεῦομεν.
1024 1350 1080 1414 καὶ
1101 1350 1183 1415 διότι

85 1441 183 1523 οὗτος
217 1447 234 1511 ό
264 1446 356 1529 λόγος
390 1453 447 1513 τοῦ
469 1452 549 1511 θεοῦ
581 1441 619 1530 ἦν
639 1446 673 1513 ἐν
698 1453 742 1535 τῷ
761 1453 914 1535 Χριστῷ,
933 1448 987 1513 dui
1011 1453 1105 1515 τοῦτο
1128 1447 1184 1513 τόν

85 1544 232 1629 Χριστόν
251 1544 327 1610 θεόν
349 1546 404 1611 καί
424 1540 592 1628 ῦνθρωιτον
615 1545 839 1630 ὁμολογοῦμεν,
860 1542 1030 1631 ἄνθρωπον
1049 1552 1109 1628 μὲν
1128 1545 1183 1611 διό

86 1645 147 1730 τήν
172 1645 282 1729 ψοχνὶν
311 1650 367 1710 κατ’
391 1644 424 1710 τό
448 1650 559 1730 σῦμοι,
586 1645 658 1711 θεόν
691 1649 727 1711 δὲ
754 1648 809 1711 διό
840 1646 894 1712 τόν
925 1650 959 1711 όν
982 1647 1072 1735 udae]
1093 1644 1185 1730 λόγον

48 1750 146 1811 15τοῦ
167 1748 256 1810 θεοῦ.

172 1841 214 1909 θ’.
259 1844 464 1927 Πιστεῦομεν
484 1841 533 1911 ότι
555 1847 570 1909 ό
592 1845 682 1929 λόγος
695 1849 754 1912 τοῦ
779 1847 859 1911 θεοῦ
878 1840 917 1931 ἦν
935 1848 971 1911 όν
991 1850 1035 1933 τῷ
1054 1849 1186 1934 Χριστῷ

87 1944 145 2009 καί
167 1946 201 2009 όν
221 1947 265 2032 τῷ
284 1945 390 2035 κόσμῳ
412 1950 467 2010 καί
489 1943 523 2011 ἐν
543 1948 589 2035 τῷ
612 1946 736 2034 οῦρανῷ
766 1952 823 2011 aaa*
844 1944 877 2010 όν
901 1950 944 2032 τῷ
964 1948 1031 2035 θεῷ
1047 1945 1104 2010 ιιαί
1120 1971 1187 2009 τια-

86 2045 148 2125 τρό,
171 2042 252 2108 διότι
274 2040 290 2106 ό
311 2045 402 2129 Ιλόγος
422 2047 478 2111 τοῦ
491 2049 570 2110 θεοῦ
583 2040 821 2131 όστίνῦτιειρος,
841 2042 945 2128 ὥσπερ
967 2044 984 2109 ό
1005 2042 1080 2120 θεός
1100 2044 1185 2109 ἐστὶν

89 2139 238 2229 ότιειρσς,
274 2142 426 2227 όγεννῦν
454 2144 551 2209 αὐτόν
582 2139 678 2229 ἤγουν
708 2150 803 2226 νοῶν,
823 2145 878 2209 ani
897 2139 1029 2228 ῦιιειρον
1049 2142 1185 2223 δύναμιν

47 2240 184 2324 ἳθέχσνν.
226 2241 308 2325 πλὴν
337 2248 371 2308 ἐν
401 2247 443 2333 τῷ
464 2249 528 2330 θεῷ
558 2243 639 2308 κατὰ
669 2239 764 2308 ἄλλον
794 2244 914 2328 τρόπον
934 2238 990 2329 ἦν,
1011 2244 1121 2308 κοῖόν
1141 2243 1185 2327 τῷ

88 2344 222 2430 Χριστῷ
242 2341 322 2408 unsri
346 2340 450 2427 ditius,
472 2344 527 2410 καί
551 2346 584 2410 ἐν
605 2347 647 2432 τῷ
666 2342 774 2432 κόσμῳ
795 2346 875 2410 suad
898 2337 1004 2410 ἄλλον.

176 2444 206 2507 ι’.
249 2444 453 2524 Πιστεῦομεν
474 2441 534 2530 ότι,
555 2441 631 2510 όταν
660 2443 676 2508 ό
698 2444 774 2518 θεός
793 2444 923 2532 κοινωνῇ
941 2446 997 2527 τῆς
1019 2437 1201 2527 όγαθότψ,

159 2585 186 2638 4.
203 2586 315 2638 alterum
334 2586 416 2657 λόγος
435 2596 463 2640 et
480 2589 505 2640 5.
525 2589 638 2640 alterum
660 2587 847 2658 ἀνθρωπότης
865 2587 917 2640 add
936 2587 956 2640 P
1027 2586 1069 2639 18.
1088 2586 1184 2659 ὥσπερ

160 2654 343 2729 αῦσειρος]
364 2659 444 2711 καὶΡ
536 2659 576 2712 19.
600 2659 614 2714 ό
635 2660 671 2712 P:
695 2661 776 2728 vulgo
796 2655 831 2720 ὃς
918 2656 1166 2729 ἧγουνόνοῶνΡ
1204 2712 1208 2727 ,

90 2799 191 2852 Christi
213 2810 260 2853 σοι
273 2803 361 2852 anima
387 2803 444 2852 eins
472 2819 598 2856 conversa
623 2804 648 2854 in
673 2803 762 2870 logum
791 2801 849 2854 dei:
883 2802 930 2852 sed
955 2810 1013 2853 erat
1039 2810 1067 2853 et
1096 2802 1183 2854 estin

91 2871 221 2936 Christo,
240 2882 303 2942 post
321 2873 394 2924 illam
414 2875 473 2924 eius
492 2891 593 2925 summe
610 2872 791 2925 admirandam
804 2873 1046 2942 dispensationem,
1063 2873 1183 2924 tnmdei

91 2943 170 3009 logus
191 2944 276 3009 lngus,
294 2952 351 2994 tum
369 2943 521 2996 humanitas
540 2944 701 2995 humanitas.
743 2961 794 2995 nec
813 2946 892 2995 etiarn
911 2942 1062 2993 humanitas
1083 2942 1183 2994 Christi

91 3013 262 3064 divinitatem
289 3015 448 3084 assumpsit,
468 3015 515 3066 sed
546 3014 672 3066 divinitas
692 3016 744 3082 logi
766 3014 809 3065 dei
828 3022 950 3076 naturam
970 3011 1112 3063 humanam
1134 3030 1181 3064 as-

90 3087 225 3153 sumpsit,
254 3086 282 3135 in
303 3086 359 3155 ipsa
383 3085 536 3137 assumendi
550 3088 661 3138 'actions
680 3091 900 3153 coagmentatum.
937 3083 1066 3153 quicquid
1081 3085 1111 3134 in
1129 3083 1181 3136 deo

89 3163 180 3207 estet
207 3171 240 3206 aa
269 3153 337 3218 cleo,
363 3164 458 3207 natura
484 3155 550 3206 deus
577 3165 635 3219 est,
654 3158 716 3226 quia
737 3156 841 3205 nullum
863 3155 891 3205 in
914 3153 968 3206 deo
989 3153 1112 3205 accidens
1132 3165 1180 3206 est

89 3225 170 3287 ideo,
200 3227 247 3295 qui
266 3227 316 3277 snb
335 3227 543 3294 intelligentiam
567 3226 653 3290 cadit,
671 3228 770 3295 ‚logum
796 3225 840 3277 dei
865 3225 946 3276 deum
966 3224 1134 3278 nominamus
1154 3234 1183 3279 et

89 3296 231 3348 credimus.
269 3306 296 3350 et
313 3298 376 3366 quia
394 3296 440 3348 hic'
456 3297 500 3348 dei
517 3299 592 3364 lngus
609 3306 667 3349 erat
685 3297 713 3349 in
730 3297 848 3360 Christo,
867 3296 930 3347 ideo
948 3295 1082 3348 Christum
1102 3297 1182 3349 deum

90 3375 117 3417 et
135 3367 274 3419 hominem
291 3369 458 3428 confitemur,
477 3369 612 3419 hominem
633 3368 742 3438 quidem
766 3376 879 3437 propter
894 3367 1009 3418 animam
1029 3375 1058 3420 et
1074 3386 1181 3439 corpus,

89 3437 169 3490 deum
202 3448 394 3508 sarapropter
420 3438 463 3490 dei
491 3439 601 3506 logum,
621 3441 667 3510 qui
689 3441 718 3492 in
739 3441 798 3510 ipso
817 3447 866 3491 est.

269 3525 405 3578 Hactenus
426 3535 546 3578 octavum
565 3536 653 3596 caput.

160 3611 300 3664 Credimus
328 3615 417 3681 logum
446 3613 490 3664 dei
521 3614 603 3666 fuisse
634 3615 661 3666 in
680 3613 786 3666 Christo
814 3622 852 3665 et·
869 3615 898 3664 in
924 3612 1024 3664 mundo
1049 3621 1133 3682 atqua
1154 3612 1182 3664 in

62 3683 165 3734 ‘caelo
192 3691 220 3733 et
249 3685 276 3733 in
299 3683 351 3734 deo
380 3693 465 3754 patre,
485 3688 612 3755 quoniam
645 3687 720 3754 logus
748 3686 854 3736 deleat
870 3683 1002 3746 infinitus,
1028 3685 1098 3735 sicut
1115 3682 1183 3733 deris

88 3754 167 3804 nullo
188 3754 242 3805 line
261 3755 414 3819 clauditur,
445 3757 492 3825 qui
512 3766 621 3823 generat
638 3774 708 3826 eum,
730 3756 759 3807 id
778 3764 820 3807 est
844 3754 982 3822 intelligit,
1001 3764 1029 3807 et
1048 3755 1181 3805 infinitam

89 3825 243 3893 potentiam
262 3825 352 3878 habet.
396 3835 571 3880 veruntamen
590 3829 618 3879 in
644 3827 696 3879 deo
715 3828 771 3879 aliu
789 3825 870 3877 inodo
892 3835 960 3889 crat,
981 3833 1009 3877 et
1028 3827 1056 3876 in
1077 3825 1185 3882 ehrism

88 3897 155 3958 alio,
173 3895 294 3966 itemque
313 3898 340 3947 in
359 3897 460 3950 mundo
480 3899 546 3948 alio.

266 3984 401 4036 Hactenus
419 3999 521 4036 nonum
541 3994 629 4054 caput.

177 4069 340 4134 Credimus,
372 4071 481 4142 quando
503 4071 569 4123 deris
588 4060 627 4128 de.
643 4071 765 4123 bonitate
792 4086 838 4122 aua
858 4078 886 4121 et
906 4069 989 4137 gratia
1009 4085 1069 4120 cnm
1087 4067 1181 4138 aliquo
