2884 4775
207 234 210 245 .
246 174 293 249 26
693 160 887 238 Bistonii

168 405 171 414 Ι
320 322 448 393 Ἔπειτα
474 318 643 407 πορευθείς
673 319 767 406 έντή
793 315 931 401 υλνατολή
961 315 1040 395 μετὰ
1062 313 1182 400 οτὸλοο,
1204 320 1259 387 ναί
1278 324 1334 389 διὰ

244 427 408 509 θαλάσσης
431 426 559 503 πέμψας
579 426 698 499 πλοῖα,
717 415 812 498 ἔλαβε
843 413 900 496 τήν
920 415 1014 496 νῆσον
1034 416 1234 502 Μιτυλήνης.
1275 422 1336 497 τὰς

245 527 302 589 δύο
322 523 429 597 πόλεις
451 521 580 595 Φῶκιας
617 519 804 600 λεγομένας,
830 511 887 595 τήν
906 534 938 574 τε
968 512 1109 579 παλαιὰν
1130 519 1260 583 Φωκίαν
1279 517 1337 583 καί

245 620 301 705 τήῦ
323 626 416 703 νέαν,
446 619 542 702 τριῶν
563 617 655 701 αἱρῶν
676 613 837 697 διάστημα
858 610 1040 693 α’πεχοῦσας
1057 607 1202 697 οἷλλήλων
1223 612 1243 699 ή
1262 642 1334 684 τευ.

245 724 352 805 adponi
373 720 475 799 μόλις,
496 721 638 796 κειμένας
658 717 788 798 πλησίον
803 706 950 793 Σμύρνης
970 713 1025 793 τῆς
1048 710 1081 775 έν
1103 713 1230 802 Ἐφέσῳ,
1251 712 1359 785 ὑπο-5

246 820 331 887 κάτω
345 798 537 898 Μαιάνδρου
557 818 614 882 τοῦ
625 813 778 894 ποταμοῦ.
801 808 894 891 ἔλαβε
914 810 949 873 δὲ
970 803 1089 893 ἄνδρας
1106 810 1162 876 καί
1182 823 1334 895 γυναῖκας

245 918 360 995 πολλαὶς
373 921 427 983 καί
437 920 554 1000 πλῆθος
567 914 702 979 παιδίων
714 916 749 977 εἰι
763 914 826 976 τῶν
839 905 959 973 πόλεων
970 910 1095 991 τούτων,
1111 915 1166 977 καί
1176 918 1336 993 μετοίκιοε

245 1014 359 1094 ταῦτας
374 1022 408 1085 έν
422 1015 520 1082 πόλει.
542 1013 650 1081 ἔπειτα
665 1013 789 1095 οἷπήλθε
805 1012 859 1074 ναί
869 1006 963 1089 ἔλαβε
979 1007 1033 1093 τήν
1050 1010 1270 1095 Καοταμῶνην
1282 1011 1339 1077 καί

246 1117 392 1203 Σινῶπην
413 1118 447 1181 εἰι
477 1112 586 1198 χειρὸς
614 1116 672 1177 τοῦ
699 1110 792 1189 lucit
809 1104 983 1191 Ἀχουμάτ,
1003 1102 1041 1184 ῦς
1066 1103 1151 1192 εἶχεν
1170 1110 1233 1173 α’πὸ
1257 1135 1334 1194 προ·

245 1212 356 1301 γόνων,
378 1220 434 1281 τοῦ
454 1213 587 1281 σοολτοὶν
605 1210 760 1295 Ἀλοτῦνη
775 1214 894 1275 ἐκείνου
910 1212 968 1273 τοῦ
987 1211 1128 1292 φοβεροῦ
1144 1214 1334 1294 στρατηγοῦ·
1346 1228 1379 1283 to

247 1315 282 1391 ὃς
304 1314 358 1382 καί
387 1312 454 1395 ἅμα
484 1319 525 1403 τῷ
555 1307 754 1395 μαθεῖντήν
789 1306 914 1373 ἔλευσιν
940 1308 1122 1393 ’Λγαρηνῶν
1152 1309 1362 1396 α’νεχῶρησε

247 1416 371 1499 φεύγων
393 1418 447 1479 καί
468 1410 625 1496 ε’πορεῦθη
649 1412 691 1487 ἐν,
706 1413 834 1495 Περσίφ
858 1404 937 1490 πρὸς
958 1404 1012 1472 τὸν
1036 1400 1160 1478 Ου’ζοῦν
1177 1411 1334 1496 γασάνην.

245 1515 340 1597 ἔλαβε
363 1518 398 1579 δὲ
418 1518 473 1578 καί
491 1514 593 1576 ταῦτα
614 1510 717 1573 κόπων
739 1511 792 1571 κατ’
810 1509 954 1587 πολέμων
973 1512 1081 1595 χωρίς,
1101 1504 1183 1586 μετὰ
1199 1508 1255 1571 καί
1271 1512 1335 1573 τῶν

246 1616 375 1699 πλησίον
396 1616 523 1695 χωρίων
546 1611 660 1675 αὐτῶν.
704 1606 811 1671 ἔπειτα
831 1605 998 1689 ἐλαβέτην
1012 1599 1190 1688 Ἄμαστριν
1210 1607 1263 1672 κατ’
1281 1605 1336 1672 τὸν

250 1714 372 1797 Καφὰν
399 1715 433 1777 έν
460 1708 569 1793 χειρὸς
598 1711 658 1773 τῶν
689 1710 719 1771 Γ
717 1707 905 1787 ενουβίτων,
924 1707 981 1769 καί
1002 1700 1129 1782 ἐκόμισε
1151 1706 1281 1781 τούτους
1301 1709 1379 1784 im

246 1812 484 1876 Κωνσταντίνσυ
507 1808 606 1887 πόλει,
637 1810 822 1889 παροικίσας
852 1800 983 1885 αὐτοῦς,
1004 1806 1060 1868 καί
1077 1802 1217 1886 ἐρήμους
1236 1810 1365 1879 εἰπεῖν,

246 1914 475 1993 ἐγκαταλείψεις
497 1905 600 1980 αῦτάς
612 1902 799 1989 α’νθρῶπων,
821 1906 1047 1990 α’φανίσαςναί
1059 1902 1099 1967 ταὶ
1122 1910 1252 1972 πλεῖστα
1272 1907 1336 1971 τῶν

246 2012 363 2091 τοίχων
383 2004 561 2073 αὐτῶνκαὶ
579 2002 681 2069 πάντα
704 2000 931 2080 καλλωπισμόν.
1087 2081 1091 2095 Ι

328 2106 525 2175 Ἐπανελθῶν
546 2107 582 2169 δὲ
604 2102 698 2168 πάλιν
721 2106 756 2167 έν
775 2106 814 2189 τῇ
836 2103 935 2183 πόλει,
957 2102 1012 2168 κατ’
1029 2103 1111 2188 ῦρῶν
1130 2102 1173 2187 μή
1196 2125 1333 2183 συναγυ.

246 2210 360 2288 μένους
390 2207 455 2293 ιἰλίρι
482 2203 612 2287 θελήσει
641 2198 720 2276 ὅλως
752 2206 983 2284 Χριστιανούς,
1012 2203 1155 2287 ήρῶτησε
1173 2199 1209 2265 τὸ
1234 2200 1379 2272 αἴτιοντθ

247 2304 333 2388 πυροὶ
357 2292 459 2390 φιλων
481 2305 536 2367 καί
560 2305 784 2387 γραμματικῶν
807 2305 1021 2384 Χριστιανῶν,
1042 2297 1096 2377 οῦς
1117 2296 1183 2384 εἶχε
1205 2305 1336 2386 πλησίον

247 2407 348 2474 αῦτοῦ
369 2407 425 2469 καί
442 2402 597 2474 έδιυίκοαν
618 2407 724 2467 πᾶσαν
744 2401 802 2486 τήν
819 2401 993 2484 βασιλείαν.
1038 2401 1066 2466 οἱ
1088 2400 1148 2486 γοὶρ
1171 2404 1338 2486 Ἀγαρηνοί

316 2678 454 2729 Orientem
474 2677 571 2729 deinde
590 2677 674 2728 ciasse
701 2685 807 2745 petens,
834 2674 926 2724 multis
946 2691 993 2743 per
1010 2691 1082 2725 mare
1103 2674 1218 2726 navibus
1235 2676 1334 2738 missis,

245 2748 361 2799 insulam
384 2749 494 2799 Lesbum
512 2766 575 2799 suae
598 2748 711 2798 dicionis
731 2746 803 2796 iecit.
839 2745 903 2794 huic
932 2752 1074 2815 utramque
1093 2746 1237 2796 Phocaeam
1255 2745 1334 2795 addi·

246 2819 294 2879 dit,
312 2827 427 2870 veterem
445 2828 475 2870 et
493 2835 609 2883 novam,
627 2821 705 2870 trium
725 2816 851 2867 horarum
881 2824 928 2866 aut
945 2816 989 2866 vix
1008 2825 1136 2886 quattuor
1154 2818 1242 2886 spatio
1262 2818 1334 2867 iuter

245 2899 415 2952 commotas,
436 2908 520 2959 prope
536 2889 682 2955 Smyrnam,
700 2905 770 2957 quac
790 2886 823 2936 ad
833 2885 965 2955 Ephesum
985 2896 1034 2948 est,
1054 2887 1103 2938 sub
1123 2886 1234 2938 flumine
1257 2887 1332 2937 Mae-

244 2960 329 3012 andro
351 2961 422 3012 sitas.
459 2961 592 3029 equibus
607 2960 761 3009 civitatibus
779 2974 904 3023 maguum
922 2975 1060 3009 numerum
1079 2959 1197 3008 virorum
1218 2959 1333 3008 semina·
1424 2976 1425 2979 ¹

246 3049 301 3082 runs
336 3041 363 3082 et
388 3048 529 3100 puerorum
555 3031 584 3080 in
612 3030 705 3080 urbem
733 3027 859 3079 traduxit.
908 3030 1044 3098 profectus
1069 3038 1162 3098 postea
1193 3029 1333 3080 Castamo-

244 3119 306 3154 nam
338 3110 366 3152 ct
396 3104 515 3170 Sinopen
543 3099 609 3151 Cisii
644 3099 805 3151 Achumatae
838 3098 952 3164 ademit3
988 3117 1054 3170 quas
1083 3102 1105 3152 is
1134 3101 1216 3168 longo
1245 3102 1333 3150 inter-

244 3174 315 3224 vallo
346 3173 489 3224 maioribus
518 3171 626 3222 traditas
654 3168 784 3222 habuerat
812 3188 827 3220 a
851 3172 957 3221 sultano
986 3170 1095 3238 quidem
1124 3171 1255 3233 Aladiuo,
1281 3169 1332 3221 illo

244 3261 340 3312 magno
369 3252 396 3295 et
422 3240 593 3294 formidando
619 3239 695 3290 duce
742 3259 803 3291 nam
831 3243 899 3292 Cisil
919 3239 1081 3304 Ατλτυσιτιο,
1106 3250 1135 3292 ut
1160 3244 1275 3310 primum
1297 3239 1332 3291 de

246 3316 392 3366 'furcarum
410 3314 526 3366 adventu
555 3311 653 3362 certior
681 3311 767 3362 factus
797 3312 865 3373 fuit,
896 3314 993 3372 cessit,
1021 3328 1051 3362 ac
1080 3313 1199 3380 profugit
1216 3314 1244 3364 in
1270 3314 1333 3363 Per·
1424 3322 1425 3365 ξ

244 3387 309 3437 τίσω
334 3385 367 3436 ad
393 3387 617 3438 Usumcastanem.
660 3383 764 3450 potitus
792 3383 884 3451 itaque
911 3391 952 3434 est
982 3381 1035 3432 iliis
1064 3384 1218 3434 civitatibus
1245 3391 1272 3434 et
1293 3383 1334 3433 vi·

225 3457 315 3522 ‘cinia
335 3457 450 3526 ipsarum
471 3453 638 3506 Mechemeta
666 3454 731 3503 citra
758 3453 858 3503 beilum
879 3454 1048 3504 etiaborem.
1086 3461 1147 3522 post
1166 3455 1232 3505 haec
1251 3458 1332 3504 rima-

219 3543 221 3546 ·
246 3529 314 3580 striu
333 3529 405 3596 cepit
431 3534 459 3577 et
474 3526 606 3593 Capsam,
631 3524 801 3575 Genuatibus
828 3532 999 3594 extorquens·
1037 3524 1107 3574 cives
1126 3541 1216 3574 earum
1234 3525 1333 3594 Cpoiin

245 3600 391 3650 transtulit.
440 3597 511 3663 ipsas
532 3603 620 3645 autem
641 3595 737 3656 urbes,
762 3611 853 3646 eversa
877 3597 977 3645 maiore
995 3605 1071 3663 parte
1090 3597 1225 3646 moenium
1243 3596 1333 3646 omni-

245 3686 298 3739 que
329 3675 424 3719 oruatu
449 3665 586 3717 destructo
614 3674 641 3718 st
664 3666 775 3730 ablato,
806 3683 891 3735 prope
917 3667 946 3717 in
973 3666 1149 3717 solitudinem
1176 3665 1334 3718 hominibus

247 3739 434 3809 infrequentes
454 3736 565 3804 redegit.

332 3829 430 3878 Rursus
455 3823 483 3875 in
514 3822 606 3874 urbem
628 3840 762 3885 reversus,
789 3839 849 3873 cum
881 3823 971 3874 nullos
990 3841 1076 3874 sacros
1096 3831 1243 3874 conventus
1262 3823 1334 3875 uitro

245 3896 376 3948 celebrari
396 3911 411 3944 a
433 3892 591 3945 Christianis
616 3891 728 3955 videret,
746 3911 853 3945 sarisam
883 3894 941 3944 eius
962 3895 999 3946 rei
1020 3893 1054 3943 ab
1072 3895 1164 3944 amicis
1184 3895 1336 3946 sciscitatus

227 3977 288 4020 'cst
306 3976 333 4018 et
350 3983 365 4014 a
386 3963 481 4016 scribis
497 3965 665 4028 Christianis,
685 3983 752 4035 quos
774 3981 863 4016 secum
876 3963 1007 4029 habebat;
1027 3967 1073 4034 qui
1088 3967 1170 4017 totius
1190 3967 1263 4032 regni
1285 3965 1334 4016 ad-

245 4036 471 4095 ministrationem
492 4035 628 4105 gerebant·
666 4036 718 4106 ipsi
739 4037 811 4087 euim
830 4036 942 4105 Agareui
961 4037 1098 4089 literarum
1112 4038 1191 4095 rudes
1213 4045 1290 4088 erant
1308 4044 1336 4089 et
1423 4090 1424 4111 ρ
