2884 4775
267 220 338 291 182
712 222 909 287 HISTORIA

264 334 530 432 διαπραττόμενον
551 337 699 428 άντικρος
719 346 755 410 τό
780 347 838 408 τοῦ
853 347 994 425 Σίμωνος
1016 338 1286 433 παρανομώτατον
1304 340 1360 403 καί

263 453 473 530 ἀσεβέστατον
494 443 595 528 ἔργον,
618 447 673 509 καί
693 449 884 523 άθετοόντα,
908 443 951 516 ὥς
969 442 1094 514 οἰκείοις
1114 442 1253 522 χείλεσιν
1274 437 1358 517 τόμο-

263 546 394 629 λόγηοε,
418 543 474 608 τόν
497 543 636 607 εἰκοστόν
658 541 787 606 ἔννατον
809 540 925 605 κανόνα
955 545 1017 603 τεόν
1037 538 1136 620 άγίων
1157 536 1355 609 ἀποστόλων,
1438 578 1439 583 1

262 646 317 709 τόν
338 647 500 729 φάσκοντα
522 641 642 705 ούτωοό
667 640 723 704 “ei'
746 665 794 715 τις
822 640 989 711 ἐπιλικοπος
1018 636 1070 699 διά
1096 634 1269 719 χρημάτων
1301 636 1357 714 τῆς

262 747 352 823 άξίας
375 742 492 825 ταύτης
517 739 669 824 ε’γκρατης
702 744 847 824 γίνηται,
877 733 898 821 ἢ
929 734 1139 819 πρεσβύτερος
1162 728 1181 815 ἢ
1203 732 1380 814 ύιάκονος,5

261 848 479 923 καθαιρείσθω
501 841 557 904 κατ’
576 834 675 914 αύτός
706 836 798 902 καίό
824 836 1057 920 χειροτονήσας,
1080 836 1134 896 καί
1156 835 1356 896 ε’κκοπτέοθω
1438 846 1439 855 ’

260 942 439 1005 παντάπασι
461 944 516 1003 καί
541 941 596 1020 τῆς
625 941 809 1015 κοινωνίας,
839 933 880 1009 σός
901 938 1008 1014 Σίμων
1040 932 1055 995 ό
1079 926 1256 1013 μάγος.όιι’
1276 930 1357 1007 ἐμοῦ

261 1041 418 1120 Πέτρον.”
459 1037 538 1120 πρός
560 1040 595 1101 δὲ
629 1040 684 1099 καί
707 1034 918 1116 ε’κποιησαντα
942 1031 1031 1107 ἐκτὸς
1058 1028 1194 1113 άνάγκης
1214 1048 1357 1089 κατεπει.
1438 1068 1439 1113 3

259 1137 385 1221 γούσης,
406 1142 461 1201 καί
479 1136 579 1219 χωρίς
607 1134 733 1217 γνώμης
761 1134 927 1213 ουνσδικῆς
955 1125 1144 1213 dictitasse
1166 1128 1227 1190 τοῖν
1249 1131 1357 1207 κληρο-

260 1240 342 1314 κιόν,
366 1234 403 1299 τά
426 1238 459 1298 ἐν
478 1238 516 1321 τῇ
531 1236 642 1318 Κρήτη
664 1230 725 1314 πρό
742 1233 866 1314 χρόνων
883 1224 1129 1312 άμνημονεύτων
1150 1224 1398 1310 άφιερωμὲνσιθ

259 1331 399 1415 κτήματα
420 1337 474 1416 τῆς
493 1335 662 1413 καθολικῆς
683 1327 821 1412 μεγάλης
843 1330 1016 1410 ἐκκλησίας,
1046 1320 1087 1399 οἷς
1110 1322 1166 1388 καί
1185 1325 1259 1405 περὶ
1281 1319 1358 1383 τού-

260 1455 315 1494 του
340 1430 532 1513 άμολόγησε,
554 1432 610 1493 τοῦ
622 1431 766 1492 εἰκοστοῦ
779 1432 870 1489 ἕκτου
888 1424 1012 1500 κανόνος
1028 1426 1083 1506 τῆς
1106 1426 1140 1487 ἐν
1161 1423 1356 1505 Καρθαγένῃ

260 1533 434 1615 φάσκοντος
455 1529 591 1609 ’(όμοίως
612 1521 723 1611 ἤρεσεν
741 1529 794 1589 ἵνα
816 1529 945 1609 πρᾶγμα
967 1520 1222 1605 ἐκκλησιαστικὸν
1244 1524 1357 1603 μηδείς

259 1630 430 1715 πιπράσκη.
474 1625 550 1709 ὅπερ
575 1625 871 1709 ἑάνπρύσοόονμη
896 1622 953 1711 ἔχη
980 1624 1035 1686 κατ’
1055 1621 1153 1705 πολλή
1177 1625 1355 1705 τιςέπείγη
1438 1700 1439 1709 ρ

260 1724 385 1809 α’νάγκη,
405 1730 497 1791 τούτο
517 1730 701 1811 ἑμφανιζειν
724 1730 768 1812 τῷ
788 1722 981 1806 πρωτεύοντι
1000 1726 1056 1803 τῆς
1069 1718 1165 1804 αύτης
1190 1722 1356 1801 ἐπαρχίας,
1367 1733 1397 1784 15
1438 1726 1439 1749 l

258 1830 313 1888 καί
336 1825 417 1905 μετά
449 1830 505 1888 τού
537 1826 714 1908 ὠρισμένοο
750 1826 894 1904 α’ριθμοό
918 1826 981 1886 τοῖν
1010 1821 1189 1886 ἐπισκόπων
1207 1818 1357 1899 βουλεόε.

258 1929 336 1987 σθαι
358 1928 391 1987 τί
407 1926 461 1986 δεῖ
477 1927 604 2004 πρᾶξαι.
653 1924 737 1985 εἰδὲ
760 1918 898 2003 τοσαύτη
925 1923 1032 1999 ἐπέχει
1066 1918 1186 1999 άνάγκη
1218 1920 1273 1997 τῆς
1305 1916 1357 1977 ε’κ-

258 2021 388 2103 κλησίοις
417 2022 461 2098 σός
489 2022 531 2104 μη
559 2020 716 2085 δύνασθαι
744 2019 803 2102 πρό
825 2024 880 2083 τοῦ
908 2024 1023 2081 πωλεῖν
1044 2013 1255 2097 βουλεύεσθαι
1265 2060 1275 2093 ,
1298 2006 1358 2075 κάν

242 2118 331 2192 τούς
352 2123 549 2202 γειτνιῶντας
580 2124 625 2194 εἰς
656 2124 838 2205 μαρτυρίαν
868 2121 993 2181 καλέοει
1015 2116 1032 2181 ό
1058 2118 1234 2190 ἐπίσκοπος,
1255 2135 1358 2198 φρον-

258 2217 329 2281 τίόα
349 2220 535 2297 ποιούμενος
557 2225 615 2283 τοῦ
636 2221 803 2297 οἷποδεῖξαι
824 2222 862 2306 τῇ
882 2216 1007 2304 συνόδῳ
1024 2217 1129 2291 πάσας
1148 2216 1205 2288 τάς
1225 2205 1396 2293 συμβά-20

231 2341 318 2391 σας
338 2318 375 2402 τῇ
396 2318 543 2407 ε’κκλησίρι
576 2321 677 2382 αύτού
703 2317 926 2404 περιστάσεις·
978 2315 1054 2398 ὅπερ
1084 2318 1114 2380 εἰ
1140 2314 1185 2398 μη
1217 2312 1355 2396 ποιησει,

257 2417 433 2492 ὑπεύθυνος
455 2422 499 2505 τρῖ
519 2423 587 2505 θεῷ.
609 2424 663 2483 καί
681 2422 719 2504 τῇ
740 2417 862 2506 συνόδῳ
891 2419 1008 2503 φανείη,
1031 2413 1046 2478 ό
1070 2413 1276 2497 πιπράσκων,
1303 2414 1358 2474 καί

258 2515 424 2599 ἀλλότριος
444 2522 499 2599 τῆς
521 2521 637 2592 οἰκείας
659 2520 781 2602 rapit?
822 2516 868 2583 ἔτι
893 2520 928 2582 δὲ
945 2521 1000 2582 καί
1018 2519 1222 2599 καθαιρέσεις
1243 2509 1356 2594 άρχιε-

258 2771 376 2841 deniqne
398 2790 458 2824 eum
473 2775 520 2843 qui
533 2783 625 2842 operte
636 2791 664 2825 se
683 2775 854 2844 iniquissimo
865 2783 893 2826 et
913 2791 1014 2825 summe
1033 2773 1240 2842 impioSimonis
1252 2773 1357 2824 scelere

258 2845 412 2896 astrinxerit
429 2854 520 2914 atque,
537 2855 568 2896 ut
587 2854 692 2896 suomet
711 2863 757 2896 ore
772 2847 909 2901 confessus
930 2854 978 2906 est,
998 2844 1032 2897 29
1050 2861 1180 2896 canonem
1194 2845 1221 2894 S.
1242 2853 1358 2911 aposto·
1395 2860 1399 2868 ’

257 2913 344 2964 lorum
364 2916 570 2977 conculcaverit,
590 2917 690 2966 diserte
712 2917 750 2965 sic
769 2916 900 2966 dicentem
930 2917 972 2966 “si
994 2916 1054 2985 quis
1074 2917 1215 2983 episcopus
1237 2916 1359 2983 pecunia

257 2983 319 3034 data
340 2984 420 3036 huius
439 2987 581 3053 dignitatis
600 3004 709 3055 compos
729 2987 813 3038 factus
828 2987 910 3037 suerit
929 2995 977 3037 eut
996 2986 1136 3054 presbyter
1153 2988 1195 3036 vel
1213 2985 1357 3046 diaconus,
1377 2995 1379 3000 ’

257 3055 401 3121 deponitor
422 3058 526 3125 etipse
547 3065 575 3107 et
594 3059 644 3126 qui
660 3075 720 3107 eum
740 3057 991 3126 designavibatque
1009 3061 1117 3124 prorsus
1137 3058 1358 3106 acommonione

257 3125 430 3185 exscinditur,
450 3127 519 3177 sicut
539 3129 632 3178 Simon
650 3145 741 3194 magus
759 3145 774 3176 a
794 3144 835 3178 me
849 3129 953 3178 Petro.”
990 3128 1101 3193 insuper
1122 3125 1356 3194 deprehendimus

257 3212 330 3256 eum,
350 3197 426 3245 nulla
444 3201 607 3248 necessitate
628 3208 749 3264 urgente,
768 3199 869 3248 iniussu
890 3198 953 3247 ilius
977 3196 1083 3264 synodi,
1104 3198 1211 3248 nemine
1233 3197 1353 3247 clerico·

258 3283 312 3314 run]
331 3268 452 3326 sciente,
479 3269 610 3318 alienasse
633 3269 817 3335 possessiones
848 3267 996 3318 catholicae
1026 3285 1137 3334 magnae
1166 3266 1303 3317 ecclesiae
1327 3269 1355 3317 in

257 3333 333 3383 Creta
356 3335 452 3397 insula,
471 3345 534 3386 onte
554 3345 673 3403 temporo
703 3341 859 3390 memoriam
878 3339 1048 3404 effugi-entia,
1075 3334 1253 3399 consecratos,
1272 3337 1354 3387 sicuti

256 3403 290 3452 de
310 3401 360 3453 hoc
378 3422 487 3475 quoque
508 3408 666 3472 consessus3
682 3409 756 3476 quod
771 3418 863 3459 contra
882 3402 918 3460 26
934 3408 1157 3475 Carthagenensis
1176 3408 1288 3458 concilii
1311 3424 1355 3457 ca·
1375 3425 1377 3438 ·

256 3491 354 3524 nonem
376 3483 424 3532 est,
447 3477 493 3545 qui
520 3478 559 3526 sic
583 3475 666 3527 habet
695 3479 839 3529 “similiter
870 3480 972 3546 placuit
998 3479 1117 3548 nequid
1138 3479 1355 3530 ecclesiasticum

258 3545 329 3594 ullus
347 3543 455 3596 v'endot.
493 3546 590 3615 quodsi
620 3551 674 3597 nbn
694 3547 821 3599 habuerit
845 3558 1003 3616 proventum
1033 3558 1060 3600 et
1080 3565 1175 3616 inagna
1197 3549 1355 3598 incubuerit

256 3617 412 3676 necessitas,
432 3616 458 3666 id
478 3617 613 3668 indicetur
632 3619 739 3686 primati
760 3617 882 3668 eiusdem
900 3619 1060 3688 provinciae,
1080 3628 1116 3681 et,
1133 3619 1255 3670 adhibito
1277 3627 1353 3669 certo

256 3703 368 3737 numero
382 3689 567 3755 episcoporum
584 3689 753 3740 consultetur
767 3688 833 3757 quid
848 3688 980 3756 agendum
994 3693 1037 3740 sit.
1057 3689 1154 3758 quodsi
1166 3697 1242 3740 touta
1256 3705 1355 3739 neces·
1428 3730 1439 3744 ,,

255 3757 320 3806 sitos
339 3759 477 3811 ecclesium
494 3759 590 3809 urserit
605 3768 634 3810 ut
647 3777 706 3819 ιιυιιΙ
721 3761 806 3826 possit
822 3768 885 3810 ante
898 3760 1077 3820 vendendum,
1096 3759 1241 3810 deliberari
1256 3761 1355 3811 saltem

255 3828 358 3879 vicinos
370 3827 404 3877 ad
420 3827 470 3878 boc
481 3830 633 3879 testandum
652 3829 760 3880 vocabit
776 3829 926 3898 episcopus,
945 3848 1033 3881 curum
1049 3830 1180 3881 adhibens
1200 3839 1232 3880 ut
1250 3847 1356 3888 omnes,
1429 3846 1435 3861 ·

226 3942 228 3951 ,
254 3899 302 3967 qui
326 3900 457 3950 ecclesiae
477 3915 542 3950 strae
560 3899 717 3960 acciderint,
738 3917 813 3950 casos
832 3901 935 3966 synodo
954 3901 1128 3953 demonstret.
1185 3899 1294 3968 quodni
1316 3901 1356 3952 se-

255 3971 331 4030 cerit,
352 3987 411 4020 reus
432 3969 484 4020 deo
511 3979 539 4020 et
563 3971 665 4037 synodo
697 3971 836 4023 tenebitur
856 3973 904 4040 qui
927 3971 1060 4035 vendidit,
1087 3980 1115 4023 et
1142 3989 1226 4023 aeuo
1246 3972 1356 4022 alienus

254 4038 384 4093 bonore.''
421 4040 606 4110 deprehensus
626 4049 666 4092 est
684 4041 765 4092 etiam
788 4041 977 4112 abrogationes
996 4043 1154 4113 pontificum
1180 4051 1292 4112 praeter
1312 4059 1355 4092 ra-
