2884 4775
165 335 168 338 .
259 269 332 353 οτο
484 214 488 222 ’
630 273 985 349 nonnosum

257 449 303 523 εἰς
324 443 379 512 τδν
397 444 535 528 βασιλία
559 433 712 531 Τιβέριοχ
726 444 782 510 καί
801 438 1058 528 ἑνιροσκάνησαν,
1080 434 1286 526 διηγούμενοι
1307 436 1362 504 καί

256 546 310 615 τδν
340 543 524 632 άφονισμὸν
555 548 612 631 τῆς
640 544 894 630 Δρυϊνοιιόλεως.
944 533 1036 617 οὗτος
1061 542 1098 607 δὲ
1125 539 1228 626 ἐχάρη
1248 536 1360 620 πολλά,

257 645 306 714 ὅτι
328 648 509 733 εὑρίσκοντο
531 650 577 724 εἰς
597 643 693 732 τόσην
713 645 879 729 εὐσέβειαν
901 648 956 708 καί
986 645 1118 725 άνδρίαν
1138 642 1195 728 τῆς
1216 641 1358 726 πίστεως,

257 751 312 813 καί
330 751 545 830 μετακαλέσας
566 746 636 813 ἐκεῖ
652 745 706 813 τὸν
729 745 888 831 Ἀρχυρόν
908 742 963 812 τδν
982 741 1079 826 ἔκαμε
1099 744 1239 826 μεγάλας
1256 739 1357 826 χάρι-

256 874 323 931 τας,
346 853 402 914 καί
421 849 478 914 τάν
498 847 615 914 ἔδυσεν
631 847 784 931 δρισμσύς
803 845 843 912 νά
857 845 993 934 κυβερνᾷ
1012 839 1071 910 diu
1091 841 1131 910 τά
1153 849 1236 929 μέρη
1255 845 1381 910 ταῦταὸ

256 933 498 1034 εάσεβοφράνως
526 947 582 1014 καί
603 953 749 1031 δικαίως,
773 951 828 1013 κατ’
857 945 897 1012 νά
929 949 1040 1034 στέλλῃ
1070 947 1117 1022 εἰς
1136 942 1171 1010 τά
1194 946 1357 1028 βασιλειαν

230 1046 233 1050 ’
256 1059 322 1115 κατ’
344 1047 411 1127 ἔτος
433 1053 559 1136 φλυαρία
576 1048 727 1134 χιλιάδας
741 1046 848 1130 εἴκοσι,
868 1045 908 1114 τά
930 1049 965 1112 δὲ
987 1045 1082 1112 λοιπά
1104 1044 1144 1112 νά
1166 1045 1357 1132 φυλάττωσι

256 1152 312 1217 διά
332 1155 445 1236 χρείαν
465 1157 525 1218 τοῦ
543 1145 648 1218 τάτισυ
666 1153 711 1228 εἰς
725 1149 837 1236 καιρδν
852 1152 1002 1231 πολέμου.
1044 1145 1084 1214 τά
1105 1151 1141 1214 δὲ
1158 1145 1356 1232 εἰσοδὴματα

255 1256 312 1337 τῆς
334 1257 479 1330 Χαονίας
507 1258 563 1319 καί
583 1254 824 1337 Δρυϊνοτιόλεως
846 1250 905 1328 ἕως
934 1249 991 1335 τὴν
1015 1248 1202 1314 Τιτοάνιολιν
1218 1248 1356 1331 ἐγίνοντο
1419 1269 1426 1282 ·

206 1393 211 1405 ·
253 1355 386 1438 ’χρυσάν
405 1351 551 1438 χιλιάδες
575 1352 768 1439 άχδοὴκοντα
792 1353 862 1417 δυό.
907 1349 1009 1417 ἔκτισε
1028 1351 1064 1415 δὲ
1087 1349 1104 1413 δ
1124 1344 1290 1434 Ἀργυρός
1310 1349 1356 1422 εἰς
1366 1351 1395 1405 10

255 1451 290 1519 τὸ
309 1453 446 1540 κάστρον
467 1477 524 1519 του
546 1452 621 1520 ναὸν
641 1457 699 1519 τοῦ
719 1453 970 1540 παντοκράτορος
988 1454 1029 1534 μὲ
1050 1449 1215 1534 βασιλικὸν
1230 1447 1356 1533 χρυσό-

224 1604 228 1612 .
256 1559 392 1638 βσυλλον
418 1560 473 1620 κατ’
498 1556 685 1640 χαρίσματα
716 1551 804 1640 παρά
835 1558 894 1620 τοῦ
922 1555 1024 1619 aaron*
1052 1550 1209 1637 Τιβερίου.
1252 1547 1357 1614 ἔκτισε

257 1654 313 1720 καί
330 1649 424 1720 άλλον
445 1652 523 1720 ναδν
545 1659 601 1740 τῆς
622 1652 798 1742 άπεραχίας
819 1650 980 1721 θεοτάκου.

352 1756 526 1840 Ἔσδρασαν
541 1759 577 1820 δὲ
599 1757 739 1840 εἰρηνικά
762 1759 821 1832 ἓως
838 1753 892 1822 τὸν
912 1751 1021 1841 καιρὸν
1034 1756 1277 1820 Κωνσταντίνου
1297 1751 1361 1818 eorl

256 1852 480 1941 normaniam,
499 1854 568 1932 ἔτος
590 1857 689 1949 ,ςρλεζ
713 1854 774 1921 οίτιὸ
801 1859 837 1921 δὲ
858 1859 1003 1940 Χριστοῦ
1024 1854 1100 1938 χνά.
1144 1844 1272 1929 adaucti
1296 1858 1356 1936 βα·
1368 1859 1397 1912 15

255 1952 373 2036 σιλεάς,
393 1955 530 2034 άκσάσας
552 1949 601 2022 ὅτι
622 1956 817 2042 εὑρίσκονται
841 1959 962 2022 δάδεκο
983 1958 1097 2040 σκῆται
1117 1955 1162 2030 εἰς
1182 1955 1238 2018 τὸν
1258 1953 1358 2019 σάτον

256 2062 316 2123 τοῦ
336 2062 480 2141 Δρυϊνοῦ
500 2049 604 2144 ὅρους,
623 2055 742 2123 ἔστειλε
762 2057 817 2123 καί
837 2056 940 2146 ἔκτισε
959 2060 1035 2123 ναὸν
1046 2053 1158 2147 μικράν
1179 2056 1248 2136 μέν,
1271 2049 1358 2138 ὅμως

256 2157 356 2222 πολλοὶ
379 2158 509 2241 dautur,
529 2161 574 2235 εἰς
596 2157 653 2244 τάν
672 2159 800 2246 ὑψηλὴν
820 2162 949 2246 πέτραν,
969 2161 1101 2258 τιλησιον
1119 2160 1182 2222 τάν
1202 2155 1358 2242 σι’σκητάν,

141 2262 152 2269 “
256 2262 312 2323 κατ’
332 2259 464 2343 διώρισε
483 2260 673 2346 χαρίσματα
697 2261 796 2326 τιολλά
812 2261 923 2326 τούτου
939 2263 997 2325 τοῦ
1019 2261 1107 2343 ναοῦ,
1127 2253 1170 2332 ὥς
1187 2257 1241 2322 τδν
1260 2255 1357 2321 τάιτυν

256 2361 313 2445 τῆς
335 2357 459 2447 Γάρδης
477 2366 519 2445 μὲ
540 2359 598 2448 τήν
618 2366 805 2447 κλεισοῦραν
825 2365 880 2448 τῆς
900 2363 1028 2446 Ζωίλης
1047 2351 1175 2444 κατ”τῆς
1190 2360 1398 2443 Χομὴλης.λθ

256 2460 396 2545 ἒσὴκωσε
423 2467 459 2528 δὲ
476 2462 532 2527 καί
550 2462 605 2549 τὴν
627 2461 804 2549 πανήγυριν
824 2464 881 2547 τὴν
900 2465 1064 2548 γινομένην
1082 2462 1126 2537 είς
1146 2459 1182 2525 τά
1198 2463 1358 2540 Πέλακον,

256 2566 311 2626 καί
329 2562 385 2648 τὴν
402 2566 647 2651 μετέφερενείς
673 2566 727 2650 τῆς
745 2568 887 2641 Χαονίας
915 2562 949 2630 τὸ
969 2566 1083 2649 μέρος,
1115 2560 1171 2627 κατ’
1198 2558 1255 2644 τὴν
1276 2558 1357 2625 οίνά·

255 2686 339 2743 μασε
359 2665 587 2751 Παγωνιανήν.
628 2669 675 2744 εἰς
693 2665 807 2751 ταύτην
829 2665 996 2746 ε’συνάζετο
1018 2669 1139 2752 πλῆθος
1159 2649 1358 2748 ἀνθράκων,

257 2766 313 2829 κατ’
328 2762 451 2849 διήρκει
471 2762 526 2831 ἕνα
547 2769 643 2852 μῆνα.
1059 2788 1064 2803 ·

257 2952 399 3007 interitum
419 2955 596 3025 Drynopoiir.
635 2956 680 3007 hic
699 2965 790 3009 autern
808 2972 973 3027 magnopere
993 2954 1096 3023 ganiana
1115 2960 1171 3017 eat,
1192 2940 1257 3023 quia
1274 2967 1355 3024 repe-

257 3025 399 3077 riebantur
417 3035 491 3079 tauta
510 3029 612 3098 pietate
632 3037 660 3080 et
678 3028 842 3081 fortitudine
862 3027 925 3080 fidei
943 3026 1078 3098 praediti,
1105 3034 1132 3078 et
1160 3026 1286 3077 arcessito
1303 3030 1353 3076 Ατ-

168 3153 172 3175 !
258 3111 321 3163 gyro
340 3114 450 3166 magnos
470 3099 567 3152 tribuit
586 3099 723 3164 honores,
745 3101 825 3171 eique
844 3101 997 3169 imperavit,
1019 3106 1150 3150 attotam
1172 3098 1242 3149 hanc
1262 3098 1352 3164 regio-

257 3184 320 3219 nem
339 3168 385 3238 pie
404 3170 521 3223 atinate
541 3171 723 3240 gubernaret,
745 3180 772 3225 et
791 3181 820 3224 ut
838 3171 872 3223 ad
894 3170 1048 3223 thesaurum
1066 3171 1170 3237 regium
1192 3184 1261 3221 anno
1280 3172 1351 3218 uno-

147 3301 154 3312 !
213 3274 215 3284 .
258 3256 369 3309 quoquo
388 3257 531 3292 aureorum
551 3244 644 3311 viginti
666 3237 895 3307 miiia'adferret,
922 3250 1011 3294 cetera
1032 3249 1121 3293 autem
1144 3248 1254 3309 propter
1274 3254 1351 3290 usum

257 3308 311 3360 loci
331 3310 365 3361 ad
384 3318 491 3382 tempus
508 3312 576 3365 belii
595 3324 723 3367 servaret.
760 3310 1018 3384 vectigalia'aurem
1039 3312 1175 3365 Chaoniae
1195 3319 1222 3363 et
1244 3312 1352 3378 Dryno·

258 3381 330 3449 poiir
350 3399 436 3454 usque
458 3384 491 3435 ud
509 3386 660 3455 Titopuiim
681 3395 759 3439 erant
778 3402 920 3439 aureorum
942 3385 1078 3452 octoginta
1097 3383 1151 3435 duo
1176 3383 1260 3434 milia.
1300 3384 1351 3432 Ar-

258 3467 338 3517 gyrua
357 3454 386 3505 in
405 3455 519 3507 castello
538 3473 587 3507 ruo
607 3458 737 3525 ternplum
751 3458 944 3529 omnipotentis
968 3452 1194 3527 (pantokratoris)
1214 3452 1350 3518 condidit,

258 3521 367 3574 adiutus
386 3529 460 3595 regia·
474 3545 554 3580 aurea
573 3528 648 3580 bulla
668 3538 696 3580 et
715 3528 794 3582 donis
813 3529 846 3581 ab
865 3528 962 3581 eodem
980 3528 1093 3581 Tiberio
1114 3526 1257 3579 concamio.
1284 3542 1350 3578 con-

259 3592 330 3645 didit
348 3598 428 3649 etiam
445 3599 519 3651 aliud
537 3600 669 3671 templum
688 3601 872 3654 sanctissimae
891 3601 935 3653 dei
953 3600 1054 3652 matria.
1287 3610 1289 3617 ’

357 3669 387 3718 lu
408 3688 473 3737 pace
494 3671 624 3741 degerunt
642 3689 728 3743 usque
747 3672 780 3724 ad
804 3682 911 3744 tempus
930 3671 1102 3725 Constantini
1123 3668 1269 3737 Pugonati,
1294 3668 1351 3719 sive

257 3750 358 3789 aunum
376 3738 461 3806 6135,
488 3762 515 3813 p.
531 3743 593 3795 Chr.
619 3761 646 3795 n.
664 3744 725 3796 655.
764 3745 807 3796 hic
832 3762 878 3796 rex
902 3761 961 3795 curn
988 3742 1134 3801 audivisset
1156 3740 1301 3791 duodecim
1324 3741 1352 3791 in

257 3819 350 3863 monte
371 3813 461 3878 Dryno
482 3831 539 3866 erae
558 3816 780 3867 anachoretarum
800 3816 902 3877 celiae„
911 3814 1041 3887 quosdam
1060 3814 1140 3875 misit,
1160 3820 1188 3864 et
1208 3812 1351 3879 templum,

220 3901 225 3907 ·
256 3897 369 3950 parvum
389 3884 508 3953 quidem,
526 3886 574 3938 red
594 3887 673 3939 valde
686 3878 852 3957 ‘pulchrum
870 3889 898 3938 in
918 3886 974 3939 alta
995 3903 1075 3955 rupe,
1095 3900 1180 3954 prope
1199 3881 1351 3934 anachore-

257 3961 299 4003 tas
317 3954 449 4017 condidit,
470 3965 498 4008 et
515 3960 599 4011 muita
619 3958 699 4010 huius
718 3960 812 4028 templi
832 3958 903 4012 dona
921 3957 1074 4022 constituit,
1094 3964 1124 4008 ut
1144 3956 1232 4007 locum
1245 3954 1352 4007 Gardae

258 4041 317 4075 cum
337 4026 457 4079 Cleitura
476 4030 564 4081 Zoiiae
584 4040 612 4083 et
630 4030 786 4092 Chomeler,
816 4031 928 4083 arrotuiit
948 4031 1029 4082 etiam
1049 4027 1204 4091 nundinas,
1234 4027 1352 4096 quaein

257 4094 354 4149 Peiaoo
374 4098 491 4165 fiebant,
518 4109 611 4154 etear
635 4100 664 4156 in
683 4101 821 4167 Chaoniae
848 4110 951 4174 partem
971 4100 1126 4165 transtulit,
1147 4115 1227 4168 quam
1247 4097 1353 4151 vocarit

258 4167 446 4235 Pogonianam,
465 4171 518 4224 huc
536 4173 676 4227 hominnm
693 4173 843 4229 multitudo
863 4174 1005 4238 convenit,
1025 4181 1053 4227 et
1075 4168 1213 4226 nundinae
1232 4186 1353 4223 mensem

258 4254 343 4292 unum
359 4241 531 4300 duraverunt
