2884 4775
248 217 298 295 st
364 222 366 228 ’
679 226 891 303 ,nrsrouut

249 378 285 443 δὲ
304 370 576 457 κατεργασάμενος
604 368 699 452 ἔλαβε
729 370 784 436 τὸν
803 367 920 454 θρόνον
939 373 1041 444 κακοῖς
1064 370 1119 433 κατ’
1137 369 1339 451 ἐστβατικοῖς,
1421 389 1423 442 ξ

249 480 304 541 καί
324 474 476 557 ἐξεβλήθη
499 469 594 535 πάλιν
616 468 632 534 ὅ
650 466 760 551 κάρτος
774 466 915 551 Συμεών.
958 470 1098 543 στάσεως
1118 471 1153 533 δὲ
1174 472 1340 551 γενομένης
1422 539 1423 544 ¹

248 568 305 639 σάκ
326 566 743 655 ἤθελονσυλλειτουργῆσαι
762 570 864 655 crispi·
887 567 967 651 πλὴν
988 566 1050 631 tut
1074 563 1178 653 φόβου
1195 568 1259 629 τῶν
1278 562 1339 643 ἐξω

249 674 305 736 καί
319 662 444 743 άκοντες
464 668 767 750 συνελειτοάρμησον
785 669 879 753 αὐτῷ.
919 664 1007 730 τάσον
1030 667 1065 729 δὲ
1085 658 1126 747 ἦν
1147 663 1164 728 ὅ
1186 665 1341 747 τρισβάρ.

248 777 346 853 βάρος
367 772 505 849 μέθυσος
523 762 569 831 du
593 759 666 829 οὔτε
687 768 721 830 ἐν
734 769 774 853 τῇ
792 766 914 853 μεγάλη
935 762 1087 847 ἐβδομάδι
1101 756 1241 848 η’θάνάτο
1264 766 1367 847 στῆ-5

248 895 301 935 ναι
322 871 355 934 ἐν
377 870 415 953 τῇ
437 846 608 954 άκολουθίηο
628 867 683 947 τῆς
704 868 869 949 ἐκκλησίας
891 864 954 927 άπὸ
975 866 1078 948 μέθης
1095 859 1242 947 μεγάλης.
1267 857 1343 927 ὅθεν

248 971 303 1032 καί
323 967 434 1042 πάντες
463 964 594 1047 ἐμίσουν
626 961 735 1043 αὐτόν,
762 961 818 1027 κατ’
835 960 883 1031 ἔτι
897 961 952 1027 dre
980 956 1019 1046 ἤν
1040 965 1095 1026 κατ’
1115 959 1341 1043 άλλόγλωσσος.
1423 1013 1424 1016 ¹

247 1070 467 1140 τελειωθέντας
494 1068 529 1129 δὲ
563 1070 620 1129 τοῦ
637 1064 777 1147 χρόνου,
813 1061 870 1125 κατ’
899 1060 944 1146 μη“
969 1064 1155 1146 δυνηθέντος
1173 1063 1284 1124 δοῦναι
1306 1060 1340 1124 τὸ

245 1163 427 1249 χαράτζιον,
451 1166 576 1239 ου’θονός
599 1155 756 1239 decoctori
776 1167 966 1246 βοηθοῦντος
980 1162 1077 1247 αὐτῷ,
1098 1152 1172 1224 οὔτε
1185 1165 1247 1224 τοῖν
1265 1166 1342 1244 κλη-
1424 1209 1425 1264 t

248 1267 344 1348 persoir
365 1256 439 1333 οὔτε
469 1266 525 1327 τοῦ
548 1268 644 1346 λαοῦ,
673 1264 821 1344 ἐνέβαλον
850 1258 946 1324 αάτὸν
976 1264 1009 1324 ἐν
1034 1262 1074 1347 τῇ
1098 1262 1238 1345 φυλακῇ.
1288 1258 1343 1321 κατ’
1353 1270 1384 1322 10

164 1391 168 1399 ·
248 1362 450 1445 ἐξερχόμενος
470 1362 569 1445 αὐτῆς
593 1364 647 1427 κατ’
668 1363 890 1446 διερχόμενος,
912 1360 955 1435 ὥς
978 1358 1072 1441 ἐθος,
1093 1359 1174 1440 μετὰ
1197 1359 1341 1434 ἐλάσεως

204 1464 454 1545 λδέλεημοσάνης
481 1460 570 1525 ἕνεκα
597 1463 791 1545 ἐτελεύτησε.
831 1463 934 1545 κοινῆς
968 1463 1004 1524 δὲ
1031 1461 1148 1542 βουλῆς
1173 1459 1341 1540 γενομένης

248 1564 303 1626 καί
324 1561 460 1627 συνόδου
481 1558 756 1646 συμκρστηθὲέσης,
777 1562 928 1646 ἐποίησαν
951 1561 1150 1643 πατριάρχην
1172 1557 1223 1622 τὸν
1241 1560 1342 1639 μέγαν

249 1658 487 1746 ἐκκλησιάρχην,
509 1658 787 1742 μετωνομάσαντες
808 1660 905 1724 odedu
928 1661 1088 1740 Μάξιμον,

329 1760 379 1823 Ἐν
413 1763 448 1825 dd
478 1758 644 1849 τῷςῇοη
662 1757 726 1825 ἔτει
745 1762 873 1844 ἐποίησε
902 1752 1112 1843 μάχηνμετά
1132 1759 1195 1821 τῶν
1216 1756 1384 1845 Belesi-15
1426 1809 1427 1820 ,

251 1863 401 1938 κων,κοί
428 1859 589 1943 ἐπορεύθη
618 1862 685 1923 κοτ’
717 1854 823 1923 αάτοῑν
856 1859 920 1922 dud
942 1882 976 1923 τε
1006 1863 1063 1943 γῆς
1083 1856 1139 1921 καί
1168 1854 1342 1944 θαλάσσης,
1426 1843 1427 1860 ¹

250 1954 344 2040 ἔλαβε
367 1960 403 2022 δὲ
424 1956 483 2042 τὴν
504 1954 680 2041 Εὔρισαον.
730 1960 785 2023 κατ’
810 1957 881 2025 ἐκεῖ
909 1960 1125 2045 προσκυνῆσαι
1146 1959 1204 2019 οάκ
1225 1955 1342 2041 η’θέλη-

250 2080 319 2137 σον,
340 2056 503 2121 α’ντὲκτευνε
518 2056 635 2133 πάντας
656 2051 861 2143 άνδραςτοάς
875 2061 967 2123 αλέον
989 2059 1051 2130 τῶν
1072 2057 1112 2139 ιβ
1138 2056 1226 2121 ἐπάν.
1247 2052 1342 2135 ἔλαβε
1427 2069 1428 2072 ’

250 2158 362 2221 δὲκαὶ
392 2155 448 2238 την
482 2160 624 2223 Φθελιάν
657 2161 712 2224 κατ’
735 2156 769 2222 τά
797 2162 826 2222 Γ
825 2159 988 2241 ορθίκιον·
1044 2159 1148 2243 άφῆκε
1176 2157 1341 2219 δὲταῦτα

250 2252 368 2341 ἄοικα,
388 2255 490 2323 πάντα
518 2256 573 2322 τόν
595 2257 673 2322 λαόν
695 2261 730 2322 ἐν
742 2256 1075 2323 Κωνσταντινουσόλει
1096 2261 1238 2339 κομίσας,
1258 2252 1337 2318 ὅπου
1349 2265 1384 2318 20

252 2531 378 2596 acesium,
397 2531 449 2584 hoc
470 2541 512 2584 est
530 2549 627 2584 munus
642 2531 716 2602 quod
730 2532 880 2602 patriarcha
898 2549 969 2585 noro
989 2541 1078 2585 creato
1099 2531 1187 2594 detur,
1208 2531 1340 2600 quingen·

252 2612 342 2666 torum
362 2619 512 2655 aureorum.
548 2603 599 2654 hec
617 2620 665 2654 sua
686 2604 789 2671 molitio
809 2613 837 2655 et
864 2604 1013 2655 ambitione
1031 2604 1065 2654 ad
1084 2604 1214 2655 honorem
1230 2601 1343 2652 alterins

251 2681 386 2744 grassatus
407 2691 557 2743 supremum
576 2675 706 2726 ecclesiae
724 2675 820 2726 solium
835 2673 999 2735 conscendit,
1017 2675 1151 2740 Syrheone
1168 2672 1257 2723 denuo
1277 2672 1343 2722 inde

254 2744 369 2796 deiecto.
390 2744 525 2796 seditione
545 2755 610 2798 tunc
629 2744 756 2797 adversos
776 2763 836 2795 eum
856 2754 913 2797 orto
931 2746 1079 2796 noluerunt
1099 2746 1124 2795 ei
1142 2742 1294 2795 sacerdotes
1311 2745 1340 2793 in

255 2816 336 2866 sacris
359 2833 411 2866 nnn
438 2817 571 2867 obeundis
600 2816 704 2870 adesse.
746 2825 865 2868 attamen
888 2816 1008 2867 diversae
1037 2816 1175 2883 religionis
1202 2814 1342 2864 hominum

254 2895 338 2950 metu,
357 2888 585 2956 quamvisxinviti
605 2904 658 2938 uno
675 2888 757 2938 sacris
785 2889 890 2956 operati
911 2896 982 2938 sunt.
1018 2888 1047 2937 in
1065 2895 1170 2938 tuntum
1191 2893 1280 2935 nutem
1299 2885 1343 2934 in-

254 2958 341 3008 sulsus
362 2957 411 3008 ille
432 2957 561 3009 barbarus
580 2959 608 3010 in
627 2958 786 3009 ebrietatem
812 2967 868 3010 erut
886 2959 1034 3021 immersus,
1054 2965 1083 3008 nt
1104 2974 1138 3008 ne
1158 2959 1187 3007 in
1206 2956 1344 3006 sanctissi-

254 3045 296 3078 τοο
308 3027 416 3093 quidem
430 3030 563 3098 pnschntis
583 3028 762 3092 hebdomade,
781 3029 809 3079 in
829 3029 981 3098 peragendo
998 3028 1127 3079 ecciesiae
1145 3029 1245 3086 munia,
1257 3026 1343 3096 pedi-

255 3099 305 3150 bus
325 3100 449 3151 insistere
470 3102 523 3151 suis
549 3117 613 3171 proc
637 3101 794 3152 temulentia
816 3109 914 3168 posset.
953 3099 1023 3151 unde
1053 3097 1176 3150 omnibus
1195 3097 1257 3217 opio
1277 3105 1344 3159 erat,

176 3181 180 3188 ’
256 3171 411 3239 praesertim
433 3189 491 3221 cum
512 3171 602 3238 lingua
634 3187 744 3241 quoque
774 3171 903 3222 barbarus
927 3180 1006 3222 esset.
1055 3186 1144 3220 nunno
1173 3169 1344 3235 reospntio

257 3249 360 3302 eructo,
379 3258 439 3290 cum
458 3240 587 3292 tributum
608 3240 671 3296 clare
688 3261 744 3293 non
762 3251 857 3311 posset
871 3243 962 3310 (nemo
981 3241 1062 3303 euim,
1082 3257 1132 3292 nec
1150 3238 1184 3289 de
1203 3236 1274 3289 clero
1295 3255 1346 3289 nec

257 3309 291 3360 sle
309 3312 429 3380 populo,
459 3312 602 3380 quicquam
623 3329 655 3364 eo
678 3312 844 3376 conferebat,
865 3331 900 3364 ne
926 3312 1044 3363 obolum·
1055 3311 1187 3381 quidem),
1208 3311 1346 3360 coniectus

259 3381 311 3430 fuit
331 3381 360 3430 iu
378 3398 517 3431 carcerem.
553 3381 617 3432 inde
637 3393 732 3452 postea
746 3385 858 3434 emissus
877 3401 935 3434 curn
952 3383 1061 3452 passim,
1081 3393 1201 3432 catenam
1220 3379 1254 3430 de
1271 3396 1348 3431 more

259 3457 381 3519 gestans,
400 3452 496 3521 stipem
519 3453 676 3519 colligeret,
704 3462 825 3505 mortuus
856 3463 904 3505 est.
949 3452 1052 3519 synodo
1083 3454 1177 3520 itaque
1195 3459 1298 3511 coacto,
1319 3467 1347 3501 re

259 3521 395 3572 communi
420 3522 533 3573 consilio
560 3523 726 3585 deliberata,
748 3523 832 3574 sactus
849 3534 890 3575 est
917 3524 1068 3593 patriarcha
1087 3525 1110 3575 is
1130 3524 1177 3591 qui
1195 3523 1284 3588 magni
1304 3539 1349 3571 ec·

260 3591 421 3643 elesiarchne
458 3610 597 3662 personum
624 3593 787 3660 συνοίσουσι,
818 3612 897 3666 quern
929 3595 1038 3646 nornine
1074 3602 1177 3645 mutato
1201 3593 1350 3644 Maximum

260 3671 456 3731 nuncuparunt.
1224 3663 1228 3673 '

331 3750 408 3800 Anno
428 3767 442 3800 a
463 3748 564 3801 mundo
582 3748 691 3801 condito
710 3752 795 3802 sexies
814 3753 956 3804 millesimo
978 3751 1183 3819 nongentesimo
1203 3758 1349 3818 septuage-

260 3819 327 3870 simo
345 3829 439 3870 octavo
457 3820 579 3872 sultanus
599 3820 700 3871 bellum
723 3823 834 3873 Venetis
857 3824 939 3887 lecit,
965 3831 1035 3873 terra
1056 3815 1179 3891 morique
1201 3837 1349 3887 aggressus.

261 3892 424 3958 expugnavit
434 3890 588 3942 Chalcidem
609 3892 752 3956 Euboeue3
772 3893 818 3943 ubi
837 3893 966 3963 qslicquid
980 3895 1119 3944 masculini
1142 3909 1221 3942 sexus
1242 3891 1349 3941 duode-

261 3961 358 4011 cimum
378 3964 472 4013 aetolis
498 3978 597 4013 annum
623 3963 755 4014 excedens
783 3972 853 4026 erat,
879 3965 1016 4015 interfecit
1042 3972 1152 4033 propter
1180 3961 1349 4025 deditionem

262 4042 416 4084 recusatum.
460 4035 533 4103 cepit
550 4042 577 4084 et
601 4033 748 4084 Phtheliom
767 4043 850 4104 atque
876 4035 1045 4099 Gardiciurn3
1064 4051 1133 4103 quae
1152 4033 1230 4082 asnbo
1250 4032 1350 4083 incolis

261 4119 344 4156 vacuo
362 4105 435 4170 lecit,
453 4105 525 4156 omni
545 4121 636 4156 eorum
655 4106 758 4174 populo
777 4105 1034 4176 Constantinopolin
1054 4106 1168 4171 tralut05
1189 4119 1245 4174 quo
1265 4104 1349 4154 etiarn
