2884 4775
243 236 288 311 14
688 234 882 303 nistoltta

239 395 287 464 ὅτι
307 398 401 479 χρεία
422 394 507 456 ἐστίν
531 388 571 452 ἵν’
593 388 756 475 ἀποθάνῃς
769 392 843 468 μεθ)
861 385 960 468 ἧμών.
1002 382 1020 445 ὅ
1043 385 1078 447 tt
1091 379 1207 467 τράλης
1222 381 1324 465 εὑρών

241 495 360 580 δρόμον
389 495 517 573 εἰσῆλθε
550 486 727 572 πλησιάσας
758 486 899 559 ἀτάκτως
932 487 974 572 τῷ
993 484 1159 569 σοολτάνρ.
1201 473 1247 556 εἷς
1268 474 1324 545 οάν

241 602 304 663 τών
322 590 510 678 γενιτζάρων
529 587 659 668 ὀνόματι
671 589 844 667 Χαμοαζοῖς
864 582 998 666 κρούσας
1017 581 1089 656 τούς
1110 584 1323 665 ἑμπροοθιλισς

242 695 343 770 πόιλάς
365 693 419 758 τοῦ
440 690 537 753 λ’πποο
559 687 637 767 μετά
664 690 812 760 πελέκοος
844 678 998 764 ἀπέκοψεν
1019 682 1148 757 αάτοάς·
1193 684 1247 746 καί
1266 704 1324 744 πε-

242 793 343 861 notri
367 796 459 863 innoc
479 789 608 871 πλησίον
631 790 689 849 τοῦ
707 782 880 851 σοολτάνοο
903 781 1016 863 ἔρριψε
1038 782 1093 846 τάν
1114 782 1248 865 κράλην·
1271 785 1349 847 ταί5

241 891 409 966 σπάσαντες
438 885 533 951 αάτόν
563 886 720 965 ἀπέτεμον
749 885 805 966 την
836 881 975 967 κεφαλὴν
1003 881 1120 961 arisati,
1148 880 1201 944 καί
1216 883 1325 956 θέντες

242 986 343 1073 αάτὴν
375 989 479 1055 ἐπάνω
513 984 627 1068 ἀόροος
660 980 830 1067 η’λάλαξαν.
882 982 1000 1055 εάθέως
1026 982 1061 1044 δέ
1093 984 1134 1055 είς
1156 971 1327 1043 τοῦπισθεν

205 1066 210 1079 ’
240 1091 375 1173 ἔδραμεν
406 1083 422 1149 ὁ
456 1084 531 1159 λαός
557 1087 613 1148 τοῦ
639 1083 739 1166 κράλη
765 1076 866 1161 άπας,
886 1076 941 1155 οὓς
963 1080 1017 1144 καί
1037 1082 1276 1161 καταδιώξαντες
1297 1076 1328 1143 οἱ
1417 1103 1419 1186 η

240 1190 408 1271 Ἀγαρηνοί
427 1184 502 1257 τούς
521 1188 579 1264 μὲν
601 1185 801 1261 ἀπέκτειναν,
820 1179 894 1253 τούς
915 1182 950 1243 δὲ
969 1176 1083 1259 ἔλαβον
1096 1176 1325 1259 αἰχμαλώτους.
1418 1207 1420 1298 η

245 1286 273 1353 οὶ
295 1290 433 1359 πλειόνες
454 1287 489 1349 δὲ
509 1284 612 1347 αάιών
628 1283 808 1363 διωκόμενοι
830 1277 1042 1363 ἀπεπνίγησαν
1064 1281 1097 1343 ἐν
1116 1281 1154 1363 τῇ
1173 1278 1264 1365 λίμνη
1285 1282 1326 1365 τῇ
1336 1290 1368 1341 10
1419 1313 1421 1396 η

244 1388 372 1473 πλησίον
405 1384 538 1467 Βάρνης.
593 1386 692 1447 ταῦτα
726 1384 867 1464 ἐποίησεν
895 1379 1198 1461 ῆκακοσαμβοαλία.
1252 1378 1269 1441 ὅ
1291 1380 1326 1441 δέ
1420 1417 1421 1472 η

235 1483 355 1572 Ἴαγηος
376 1483 514 1568 προϊδών
540 1483 576 1547 τά
608 1480 752 1563 ἐσόμενον
778 1480 820 1552 ώς
852 1476 1047 1561 στρατιώτης
1074 1480 1116 1542 δι’
1137 1472 1232 1563 άλλης
1252 1478 1327 1543 ὁδοῦ
1383 1525 1387 1537 .
1420 1517 1423 1566 η

243 1585 443 1669 ἀνεχώρησεν
477 1587 510 1649 ἐν
540 1586 579 1669 τῇ
607 1580 673 1669 ἰδίᾳ
701 1582 839 1663 πατρίδι.
893 1578 947 1642 καί
968 1575 1052 1642 οὕτω
1080 1581 1222 1643 τοιοῦτον
1240 1583 1327 1652 τέλος
1422 1627 1423 1632 ,

244 1683 338 1768 ἔσχον
359 1682 389 1749 οἱ
411 1684 540 1765 πόλεμον
560 1683 667 1746 αάτών
690 1681 744 1745 καί
764 1676 798 1742 ai
817 1683 1006 1758 οαμπλοκαί.

181 1860 183 1867 η
323 1782 359 1848 Ὁ
376 1783 514 1847 σοαλτάν
530 1778 704 1864 Μοοράτης
724 1780 918 1858 ἐπιστρέψας
938 1778 1062 1862 νικητὴς
1085 1776 1138 1841 καί
1157 1778 1371 1861 sponsioni-15

242 1905 311 1966 χος,
347 1879 471 1965 ἐποίησε
507 1881 559 1945 τὸν
590 1882 765 1964 γενίτζαρεν
797 1876 853 1941 τὸν
878 1880 1073 1958 Χαμοατζᾶν
1100 1877 1329 1955 σιαντζιάιιπεϊν
1425 1949 1426 1954 ¹

244 1982 486 2066 Φιλαδελφίας,
506 1982 665 2045 ἀπέστειλε
693 1980 729 2043 δὲ
750 1975 805 2040 τόν
833 1975 967 2040 σοαλτάν
990 1981 1164 2060 Μεχεμέτη
1185 1975 1239 2040 τάν
1258 1972 1330 2041 αἱὸν

244 2083 346 2147 αὐτοῦ
371 2080 466 2147 πάλιν
496 2077 531 2145 ἐν
553 2082 743 2165 Μαγνησιλρι,
773 2072 852 2140 ὅπου
876 2080 929 2139 καί
952 2080 1071 2158 πρώτον
1093 2071 1150 2159 ἦν,
1173 2073 1271 2150 αάτὸς
1293 2077 1330 2139 δὲ
1427 2151 1428 2156 ¹

245 2178 442 2265 παραλαβών
462 2184 567 2244 πάσαν
584 2177 640 2260 τὴν
661 2181 826 2258 βασιλείαν
849 2174 986 2259 ἐκάθητο
1008 2179 1329 2268 ἑν,Ἀάριανοοπὸλει,

243 2283 347 2359 μένων
366 2280 400 2343 ἐν
421 2281 572 2368 εάημερίηι
592 2277 645 2341 καί
664 2280 837 2362 έντραφών.
857 2273 936 2355 μετά
962 2279 997 2340 δὲ
1019 2275 1229 2357 παραδρομὴν
1249 2278 1373 2340 ἑτώνῖθ

243 2379 337 2463 τριών
359 2379 537 2464 ἐτελεύτησε
558 2380 670 2464 ταφείς
690 2380 726 2442 ἐν
744 2378 782 2462 τῇ
797 2372 943 2463 Προάση,
956 2373 1148 2458 βασιλεύσας
1162 2372 1216 2461 ἔτη
1236 2377 1330 2460 τριά-

244 2502 336 2546 κοντα
359 2477 428 2546 δύο.

314 2627 355 2682 16.
373 2627 594 2692 σαντζάιιπεινῦ
684 2628 727 2680 21.
747 2629 896 2700 τριάκοντα
917 2625 970 2681 δίο
991 2626 1045 2677 add
1066 2629 1085 2677 Δ

245 2766 365 2828 lanizari,
385 2765 503 2818 dicentes
522 2765 701 2818 “manendum
720 2766 772 2817 tibi
787 2773 836 2828 est,
856 2774 883 2817 et
900 2765 1040 2817 nobiscum
1060 2764 1255 2816 moriendum.''
1273 2781 1327 2828 rex,

244 2839 288 2890 via
306 2838 376 2888 ferro
395 2837 537 2906 patefacta,
557 2838 615 2889 sine
634 2836 728 2888 ordine
747 2836 780 2887 ad
797 2837 935 2888 sultanum
946 2853 1031 2905 usque
1045 2835 1228 2905 imprudenter
1244 2851 1328 2904 pens-

245 2908 333 2959 travit·
370 2908 409 2960 ibi
427 2908 605 2960 lanizarorum
624 2907 745 2978 quidam,
763 2909 805 2958 cui
824 2924 923 2959 nomen
941 2908 1099 2968 Chamuaae,
1117 2907 1265 2959 anteriores
1285 2923 1329 2957 τε-

245 2979 281 3046 gii
300 2978 363 3048 equi
384 2977 466 3048 parles
498 2978 610 3048 bipenni
637 2978 768 3042 abscidit3
792 2995 846 3048 quo
873 2994 957 3047 prope
989 2979 1123 3029 sultanum
1141 2977 1260 3046 collapsa
1283 2993 1329 3028 rex

245 3049 321 3100 humi
340 3058 438 3102 stratus
455 3051 546 3102 iacrrit.
596 3051 672 3101 cuius
690 3050 762 3118 capti
784 3056 865 3118 caput
881 3050 1038 3117 praecisum,
1057 3048 1149 3100 hastae
1169 3049 1279 3099 infixum
1298 3065 1330 3099 ac

245 3120 361 3172 sublime
383 3129 533 3190 portatum,
552 3121 620 3180 fuit,
651 3120 745 3173 addito
764 3121 851 3183 laeto,
876 3128 1002 3190 tanquam
1027 3121 1141 3170 victoria
1165 3121 1216 3168 iam
1242 3126 1329 3188 parta,

246 3192 371 3241 elamore.
409 3207 463 3260 quo
481 3194 634 3260 spectaculo
654 3193 793 3260 perculsus
808 3192 953 3258 Ungaricus
974 3193 1105 3241 exercitus
1124 3191 1213 3240 statim
1232 3189 1330 3260 pedem

189 3257 192 3266 ’
246 3261 342 3313 retulit
372 3261 509 3312 universus
537 3277 567 3311 ac
596 3264 671 3330 sugit.
715 3262 764 3312 hos
794 3263 909 3314 insecuti
940 3261 1030 3312 hostes
1049 3261 1146 3330 partim
1164 3262 1330 3323 occiderunt,

267 3332 342 3380 artim
364 3333 438 3380 vivos
456 3339 592 3400 ceperunt.
628 3334 711 3384 maior
733 3342 821 3384 tamen
842 3350 902 3400 pars
922 3334 994 3384 inter
1010 3331 1165 3398 fugiendum
1183 3333 1212 3382 in
1229 3330 1330 3400 palude

246 3349 352 3454 carnae
375 3401 462 3451 vicina
490 3400 623 3453 submersa
652 3403 743 3470 periit.
789 3402 833 3453 hic
864 3403 929 3454 maii
957 3403 1063 3453 consilii
1088 3403 1174 3453 exitus
1200 3403 1260 3453 tuit.
1302 3409 1330 3452 at

247 3473 377 3533 loannes,
397 3470 479 3522 futuri
503 3471 575 3522 haud
606 3472 779 3542 improvidus,
798 3471 893 3524 habitu
913 3491 944 3524 ac
964 3473 1052 3542 specie
1081 3474 1192 3540 gregarii
1217 3473 1330 3533 militis,

248 3544 304 3664 {tila
324 3543 378 3663 ‘tm
398 3543 426 3593 in
447 3543 560 3610 patriam
579 3558 652 3594 suam
672 3541 759 3594 rediit.
794 3542 867 3594 hunc
886 3544 965 3594 finem
992 3543 1095 3594 bellum
1121 3543 1174 3596 hoc
1198 3552 1225 3595 et
1240 3559 1331 3613 pugna

269 3630 282 3663 a
304 3630 330 3662 ut
347 3647 353 3660 ·

319 3699 447 3750 Sultanus
471 3715 533 3750 vero
555 3697 668 3759 Mursa,
688 3699 774 3750 victor
798 3716 857 3749 cum
878 3701 973 3769 opimis
994 3701 1087 3770 spoliis
1107 3717 1234 3764 reversus,
1252 3701 1331 3753 iilum

248 3771 377 3821 victoriae
400 3777 537 3820 auctorem
565 3770 723 3834 Ianizarum,
749 3770 792 3820 cui
816 3786 915 3820 nomen
936 3770 1085 3822 Chamuzae
1103 3772 1186 3823 fuisse
1206 3773 1332 3836 diximus,

249 3839 452 3908 Philadelphiae
478 3838 630 3891 saniaehum
655 3840 737 3906 secit;
757 3840 840 3891 filium
864 3838 1057 3893 Mechemetam
1080 3844 1251 3910 Magnesiam,
1284 3842 1332 3894 ubi

249 3912 466 3974 ammiserat,
493 3912 602 3962 remisit.
650 3912 723 3979 ipse,
746 3913 858 3981 repetita
886 3913 960 3980 regni
988 3915 1072 3965 totius
1091 3913 1331 3976 administratione,

250 3979 426 4050 adrianopoli
452 3981 605 4044 residebat,
631 3981 709 4032 rebus
739 3984 820 4050 gestia
847 3983 1006 4046 fortunatus,
1032 3985 1162 4036 felicitate
1182 3993 1209 4036 et
1226 3984 1332 4036 deliciis

250 4053 333 4122 partis
351 4052 446 4103 fruens.
483 4052 599 4104 triennio
618 4060 679 4121 post
693 4053 784 4122 elapso
803 4054 883 4105 finem
901 4055 972 4108 vitae
993 4055 1065 4120 fecit,
1083 4057 1178 4108 Prusae
1197 4056 1331 4126 sepultus,

250 4130 392 4193 postquam
410 4123 444 4174 32
462 4140 545 4175 annos
565 4131 708 4192 regnasset.
