2884 4775
239 228 311 304 114
693 232 891 303 fflssourll

235 390 290 453 δέν
309 386 420 470 ὖιιόριε
447 386 486 451 vd
508 390 618 473 στέκη·
670 382 766 466 μόνον
793 380 915 467 ἕαεφθι
943 379 977 445 ια’
1010 375 1180 445 έιιιανιίιιον
1208 376 1271 443 dat
1291 376 1325 443 sd

232 490 314 570 χέρη
336 510 405 566 τοο,
426 489 481 550 καί
497 484 531 550 τὸ
549 482 847 566 έπέρνονιιοέτιοθεν,
868 478 991 544 unicis
1011 480 1175 559 steinvert,
1196 474 1251 540 καὶ
1270 478 1329 540 τοῦ
1434 478 1435 539 l

233 583 269 650 τό
294 582 427 647 ἔδωκαν.
485 587 541 647 καί
576 585 731 664 ἐμίσησαν
758 577 858 643 αὐτὸν
888 577 904 640 ὅ
937 579 1063 657 κόσμος,
1084 572 1252 657 ἷερωμένοι
1272 576 1328 637 καὶ

233 685 356 761 tatros,
386 683 441 745 ἕνα
473 683 533 760 μὲν
558 679 620 762 dard
651 676 709 761 τήν
741 674 955 761 καθημερινὴν
974 679 1092 759 μέθην,
1112 668 1189 736 ἄλλο
1214 669 1329 737 δὲκαὶ

234 780 295 843 αἰιό
310 777 366 863 την
383 783 533 861 γλῶτταν,
553 777 636 840 ὀποῦ
657 778 710 841 δέν
730 771 839 859 έμρέκα
853 774 1041 854 Ῥωμαιῖκα,
1060 770 1160 851 μόνον
1175 773 1351 851 Σέρβιιια,5

233 874 323 962 διότι,
345 875 388 949 nic
408 876 549 959 εἴπαμεν,
569 870 644 959 ἦτον
665 870 728 940 οἷαό
749 871 954 958 τῆνΣιρβίαν
977 870 1033 935 καί
1053 867 1162 951 ὁμέλιε,
1180 873 1328 953 Σέρβικα,

231 981 285 1040 καί
298 977 476 1057 ‘Peperine
495 979 618 1050 τελείως
642 978 695 1040 div
718 976 844 1057 έγρέκα·
887 971 983 1053 μόνον
1004 966 1070 1053 εἶχε
1092 965 1325 1055 δρομονμοίνον,

222 1070 312 1138 ‘duod
335 1075 447 1154 ὁμίλιε.

170 1189 219 1240 131
314 1172 386 1236 Καὶ
415 1172 503 1237 ὦσαν
530 1171 625 1252 ἔλαβε
653 1172 709 1236 τὸν
730 1168 960 1257 ααιριαρχικόν
986 1169 1109 1252 θρόνον,
1132 1166 1213 1231 duod
1235 1164 1328 1243 ἔταξε

229 1279 298 1345 ταῖς
323 1273 381 1334 drio
399 1269 542 1360 χιλιάδες
561 1269 599 1334 ια’
625 1274 762 1356 φλιοριά,
782 1268 820 1335 ναὶ
843 1268 879 1334 cd
904 1272 985 1333 dr‘dsr
1009 1271 1107 1333 κοθέν
1128 1266 1243 1349 χρόνον
1261 1279 1376 1347 xer-10

230 1370 369 1453 ριέτζιον,
395 1365 473 1453 ἦλθε
493 1370 529 1435 τὸ
549 1376 636 1444 τέλος
659 1374 716 1433 τοῦ
737 1371 855 1452 χρόνον
878 1367 916 1431 vd
936 1368 973 1433 cd
998 1364 1173 1453 ddopxunr'
1192 1362 1329 1447 ἔκραξαν

229 1471 328 1535 αέτὸν
342 1474 387 1544 εἰς
401 1468 435 1534 ad
451 1469 562 1551 διβιὶνη
578 1468 608 1533 οἱ
622 1468 787 1553 πασιοὶδες,
806 1467 860 1531 καί
876 1471 1031 1552 ἐζήτησαν
1048 1469 1150 1531 adreci
1171 1461 1206 1528 τό
1221 1460 1329 1546 χοροί-

227 1573 325 1646 τζιον,
340 1566 449 1647 καθώς
463 1568 625 1650 ὖιιεσχέθη
642 1568 681 1631 vd
697 1569 787 1630 dr'dsr.
803 1569 858 1630 xci
871 1571 977 1640 ιοῦτος
988 1560 1059 1630 οὔτε
1068 1563 1232 1647 χαρὰτζην
1242 1558 1330 1644 εἶχεν

228 1663 298 1732 οὔτε
315 1666 405 1731 τινάν
418 1666 549 1751 βοηθόν,
572 1668 609 1731 vd
627 1671 685 1730 τοῦ
696 1664 861 1751 βοηθήσῃ,
885 1658 956 1729 orire
981 1661 1042 1729 dud
1067 1663 1140 1740 τούς
1159 1660 1338 1748 κληρικούςρ

228 1760 301 1830 cire
329 1764 481 1839 αἰιότοὺς
507 1761 663 1847 ἄρχοντας
686 1760 760 1828 οἵτε
781 1764 842 1828 αἰιὸ
865 1768 920 1829 τοῦ
940 1766 1028 1827 λαοῦ.
1078 1767 1133 1827 καί
1151 1759 1269 1836 ἰδόντες
1299 1757 1329 1823 οἶ
1341 1776 1378 1826 15

227 1864 381 1938 ιιασιιὲιλες
397 1858 444 1927 ὅτι
463 1866 608 1946 ἐγέλασεν
629 1863 757 1948 ον’τούς,
777 1863 893 1946 ἔβαλαν
912 1864 1007 1927 αυίὀν
1028 1866 1072 1941 εἰς
1093 1864 1149 1947 την
1172 1859 1330 1947 φυλακην.

227 1961 364 2046 καίέίζη
387 1966 545 2044 ἐπέρασαν
566 1962 683 2047 ἡμέραι
705 1965 821 2046 ὀλίγαι,
842 1968 897 2028 καί
917 1964 1047 2047 ἐζήτησε
1070 1961 1157 2046 παρὰ
1179 1964 1242 2026 τῶν
1265 1987 1330 2025 πα-

218 2060 348 2127 ·σιέδων
369 2065 493 2144 θέλημα
515 2060 554 2126 να
577 2068 633 2126 τοῦ
654 2063 789 2143 torosa,
813 2062 851 2126 νοὶ
870 2056 944 2151 εὗγη
959 2062 1018 2127 dud
1038 2061 1095 2145 τὴν
1114 2060 1268 2149 φυλακην,
1290 2061 1331 2127 vd

228 2169 383 2244 μερααέεῖ
400 2160 593 2244 ἐλεημοσύνη
605 2161 665 2224 dud
683 2162 756 2237 τοὺς
770 2163 995 2243 Χριστιανούς,
1015 2160 1125 2245 μήπως
1140 2161 1196 2224 καί
1207 2158 1326 2247 σονοὶξη

228 2256 289 2323 cirri
310 2257 344 2324 τὸ
368 2264 465 2344 χρέος
486 2259 522 2323 τὸ
546 2261 742 2325 αὕθεντιιιὸν.
786 2265 840 2326 καί
859 2260 932 2345 ἔιζη
952 2255 1074 2345 ὅρισαν,
1098 2264 1153 2326 καί
1169 2262 1227 2325 rot
1251 2257 1378 2341 elta-20

227 2366 287 2424 λαν
314 2355 385 2424 α’ντέ
400 2363 457 2424 τοῦ
478 2364 704 2445 ἑπιτραχηλιόο
726 2364 782 2425 καί
801 2361 985 2448 ω’μοφορέοο
1000 2356 1138 2454 ἄλυσσον
1158 2356 1328 2442 σιέηρένια

227 2465 342 2544 βαρέα,
366 2459 421 2524 καί
442 2465 500 2524 τοῦ
514 2459 637 2553 ἔδωκαν
668 2459 725 2526 καὶ
755 2465 827 2528 έναν
852 2465 1005 2546 Τοῦριιον·
1055 2463 1112 2526 καί
1128 2458 1191 2525 ’σὸν
1213 2457 1328 2542 ἔσνρνε
1434 2507 1435 2534 ,

228 2755 365 2807 stulerunt
382 2755 473 2824 eique.
491 2772 551 2806 cnm
574 2773 700 2809 esornno
719 2759 889 2822 excitassent,
909 2757 1093 2810 reddiderunt.
1113 2773 1164 2826 qua
1185 2755 1218 2806 de
1240 2771 1321 2806 causa

229 2826 352 2876 omnibus
372 2823 434 2876 odio
451 2827 513 2887 fuir,
532 2837 588 2878 tum
609 2829 771 2879 consecratis
792 2828 946 2879 horninibus
968 2839 1024 2880 lum
1044 2827 1134 2891 laicis;
1155 2826 1238 2896 idque
1258 2843 1324 2894 par·

229 2898 276 2947 tim
295 2904 406 2964 propter
424 2898 613 2966 quotidianum
631 2899 829 2956 temulentiam.
847 2901 944 2966 partim
964 2906 1075 2969 propter
1093 2899 1201 2963 linguae
1221 2895 1329 2947 rudita-

228 2976 292 3018 tem.
329 2967 431 3017 Graecn
459 2971 530 3019 enirn
562 2988 617 3021 non
637 2970 775 3031 callebat,
801 2969 848 3020 sed
868 2979 972 3022 tantum
993 2971 1100 3020 Service
1120 2969 1231 3028 sciebat,
1249 2983 1323 3037 quo-

229 3039 310 3097 niam,
330 3046 359 3088 nt
379 3048 458 3089 antea
476 3039 601 3101 diximus,
619 3058 634 3090 e
655 3041 747 3091 Servia
765 3055 848 3106 genus
867 3041 992 3092 ducebat.
1040 3041 1132 3108 itaque
1152 3040 1260 3089 Service
1281 3038 1328 3086 lo·

231 3109 373 3176 quebatur,
392 3109 520 3160 Graecam
544 3112 662 3177 linguam
682 3128 791 3178 prorsus
814 3129 869 3162 non
881 3110 1064 3180 intelligebat,
1086 3109 1133 3162 sed
1153 3108 1262 3180 quando
1284 3108 1329 3157 lo·

231 3178 370 3246 quendum
391 3187 455 3239 eret,
474 3181 623 3248 interprete
645 3180 778 3232 utebatur.

303 3265 368 3314 Cum
387 3263 439 3316 hoc
471 3266 551 3316 modo
581 3267 706 3318 thronum
737 3266 945 3327 conscendisset,
974 3266 1174 3333 pollicitatione
1192 3265 1234 3314 bis
1251 3264 1329 3314 mille

212 3335 390 3385 ’ducatorum
409 3337 556 3404 quotannis
576 3354 624 3406 pro
641 3339 742 3389 tributo
762 3337 1016 3407 persolvendorum,
1039 3338 1139 3406 primus
1162 3351 1250 3385 annus
1270 3334 1330 3384 ela·

232 3423 295 3474 psus
317 3414 365 3466 est,
384 3413 412 3455 et
431 3405 593 3456 charatzium
614 3415 671 3458 erat
688 3408 815 3459 dandum.
862 3408 1057 3458 accersiverunt
1077 3423 1139 3472 ergo
1159 3407 1247 3474 ipsum
1267 3403 1332 3454 bas·

234 3493 278 3526 sae
300 3476 328 3525 in
349 3483 486 3538 senatum,
514 3477 682 3542 postulantes
712 3479 745 3527 ab
779 3495 810 3528 eo
840 3479 998 3543 promissum
1021 3475 1193 3526 charatzium.
1231 3482 1260 3524 at
1278 3475 1332 3524 iste

235 3546 350 3611 simplex
371 3562 422 3595 nec
438 3546 597 3596 charatzium
620 3543 747 3608 habebat,
765 3564 816 3597 nec
835 3564 996 3616 quemquam
1016 3547 1062 3613 qui
1079 3547 1130 3612 ipsi
1152 3553 1331 3604 succurreret,

236 3632 291 3665 non
312 3615 446 3674 clericum,
468 3632 523 3666 non
541 3616 696 3682 primarium
714 3619 809 3680 virum,
827 3636 882 3668 nou
901 3617 934 3668 de
954 3617 1056 3684 populo
1071 3617 1167 3666 ullum.
1203 3613 1331 3666 videntes

236 3701 299 3750 ergo
319 3684 411 3734 bassae
433 3701 461 3735 se
480 3686 513 3734 ab
533 3685 593 3751 ipso
612 3685 721 3738 delusos
743 3703 810 3744 esse,
829 3694 1022 3756 compegerunt
1043 3687 1168 3736 miserum
1189 3687 1218 3736 in
1238 3701 1332 3736 carce-

237 3772 302 3806 rem.
339 3755 437 3822 elapsis
456 3755 561 3824 aliquot
580 3755 677 3808 diebus
694 3758 776 3826 petiit
794 3757 845 3807 sihi
864 3759 1048 3808 facultatema
1068 3757 1153 3807 bassis
1172 3755 1265 3806 ‹lari'e
1284 3772 1333 3806 cu·

237 3822 326 3874 stedia
346 3823 461 3875 exeundi
482 3826 517 3875 ob
543 3825 689 3892 cogendam
716 3843 731 3876 a
754 3827 911 3878 Christianis
932 3830 1043 3896 stipem,
1071 3828 1092 3878 si
1114 3827 1184 3878 forte
1206 3843 1239 3876 ex
1259 3827 1335 3876 elee-

238 3911 366 3959 mosynae
385 3896 546 3946 collectione
562 3905 663 3965 posset,
681 3897 754 3962 quod
776 3898 838 3958 fisco
863 3897 989 3960 debebat,
1007 3897 1160 3966 persolvere
1182 3902 1335 3965 paruerunt

151 3976 153 3979 ·
239 3965 298 4013 illi:
318 3964 365 4014 sed
382 3965 442 4016 loco
462 3965 613 4018 indumenti
634 3967 698 4018 colli
712 3976 741 4018 et
757 3967 927 4020 humerorum
943 3977 1064 4020 catenam
1086 3968 1110 4019 ei
1132 3968 1247 4020 ferream
1272 3982 1334 4032 gra-

239 4052 297 4086 vem
317 4037 485 4099 iniecerunt,
513 4037 639 4089 adiuncto
666 4039 773 4100 Turca,
800 4041 847 4109 qui
868 4058 927 4091 eum
947 4037 1073 4091 trahebat
1102 4045 1130 4090 et
1149 4037 1339 4108 custodiebat..
