2884 4775
268 246 337 315 108
717 241 916 341 mstoms

266 422 339 472 νους
362 390 440 461 tuot
464 394 682 477 πατριάρχης·
738 387 811 477 η’τον
832 396 867 456 δὲ
889 392 908 473 ἡ
932 393 1068 472 πατρίδα
1091 386 1272 452 retroeunt
1298 382 1357 465 την

266 496 512 579 Πελοπόννησον
538 486 634 577 ἤγουν
660 493 728 557 ’άπὸ
754 491 806 557 τάν
829 494 1005 573 Monalos,
1026 494 1081 553 κατ’
1109 482 1205 572 ἦλθεν
1227 489 1291 551 ἐδιά
1314 488 1359 558 εἰς

266 594 324 677 τήν
343 593 675 661 Κοινοιαντινοάπολιν
693 583 809 676 μικρὸν
828 591 929 674 παιδί,
950 591 1005 654 καί
1025 583 1100 671 ἦτον
1122 590 1167 662 εἷς
1187 587 1243 669 την
1261 584 1360 667 μονὴν
1437 622 1438 629 1

267 697 331 757 τάν
351 693 555 774 adamanus,
584 695 640 755 καί
660 689 760 773 ἔηννεν
780 673 988 761 άποιακτικάς
1021 688 1121 768 κυρσῦ
1142 684 1282 765 Μάρκου
1303 688 1360 747 τοῦ

268 793 448 875 Εάγενικοά,
471 793 551 873 λέγω
573 794 628 855 τοῦ
649 792 792 875 Ἐφέσου.
835 788 891 853 καὶ
911 786 1006 861 adedo
1025 783 1078 851 τόν
1099 784 1284 865 dedamus,
1307 784 1362 845 καί
1370 793 1385 843 5

268 890 322 957 τάν
344 891 445 972 ἔμαθε
466 894 522 955 καί
539 890 580 980 τά
613 887 684 972 ἱερά
717 888 905 971 γράμματα,
938 890 995 951 καί
1011 884 1066 950 τάν
1085 888 1209 961 ἐάιίλιιξε
1231 886 1285 947 καί
1305 880 1363 963 τήν

267 990 460 1073 ριοναοτικην
489 991 647 1056 πολιτείαν
668 995 724 1072 τῆς
744 992 961 1070 καλογερικῆς,
985 989 1040 1050 καί
1069 983 1125 1049 τάν
1146 981 1363 1065 ἐχειροτόνησε

269 1088 378 1154 διάκον
399 1093 455 1154 καί
474 1088 594 1175 ἱερέαν·
638 1090 693 1153 καί
711 1081 784 1174 ἦτον
804 1090 871 1168 μετ’
897 1090 998 1151 ον’τοά
1022 1084 1081 1161 ἕως
1104 1078 1177 1167 ὅλης
1202 1090 1258 1167 τῆς
1282 1083 1363 1165 ζωῆς

271 1191 387 1270 αυίοά,
409 1193 468 1253 τοῦ
486 1193 638 1273 γέροντος,
672 1188 775 1252 αὐτοῦ
807 1189 864 1251 τοῦ
890 1187 1032 1273 Ἐφέσου.
1084 1186 1139 1249 καί
1159 1179 1233 1251 ὅταν
1252 1181 1364 1247 ἐπολέ-

271 1312 352 1372 μησε
372 1289 489 1372 ταύτην
508 1289 566 1372 τὴν
582 1288 917 1355 Κωνσταντινοάπολιν
937 1285 955 1350 ά
978 1282 1255 1362 αυίὀςσουλτάυος
1279 1280 1363 1345 duod
1374 1302 1406 1352 10

271 1385 331 1467 την
351 1389 467 1471 ἐπῆρε,
498 1384 618 1472 εὑρέθη
643 1389 710 1451 τότε
741 1390 798 1451 καί
819 1386 834 1449 ὃ
856 1383 953 1460 αὐτὸς
984 1383 1075 1467 κάρος
1095 1380 1363 1462 Διονάσιοςέιλιὸ,

271 1484 329 1549 καί
346 1488 468 1569 ἐπῆραν
488 1485 584 1551 αάτὸν
605 1484 807 1574 αἰχμάλωτον
826 1483 905 1566 μετὰ
926 1486 980 1547 καί
1006 1478 1110 1548 ἄλλων
1132 1484 1255 1545 πολλῶν
1277 1484 1365 1564 Χρι-

274 1586 425 1667 στιανῶν,
459 1585 584 1668 άνάρῶν
614 1588 670 1650 καί
697 1587 854 1667 γυναικοῖν
888 1588 944 1650 κατ’
974 1587 1118 1648 nestrae.
1168 1581 1307 1665 άγόρασε
1329 1584 1366 1646 δὲ

264 1685 380 1768 καλιάν,
399 1684 453 1749 τὸν
470 1685 562 1768 κάριν
580 1682 755 1767 Διονάσιον,
774 1688 820 1759 εἰς
841 1688 899 1768 τῆν
926 1679 1190 1765 Ἀδριανοάπσλιν
1208 1680 1280 1755 ἕνας
1304 1676 1367 1763 άρ-

275 1808 342 1863 χων
364 1783 495 1863 σ’νόματι
518 1784 702 1867 Κυρίτζης,
730 1784 785 1846 καί
811 1782 866 1847 τόν
895 1784 1102 1864 ἐλευθέροισι.
1145 1782 1201 1843 κατ’
1223 1778 1286 1843 άπὸ
1310 1778 1409 1862 την15

275 1880 373 1963 καλην
393 1880 509 1965 άρετην
530 1880 610 1944 ὀποῦ
631 1876 716 1964 εἶχεν
736 1880 752 1943 ὁ
773 1880 867 1957 adada
896 1881 985 1963 κάρις
1006 1880 1183 1955 Διονύσιος,
1205 1876 1286 1963 ἐγινε
1306 1903 1368 1963 μη-

275 1980 763 2065 τροπολέτηςΦιλιππουπάλειυς,
783 1980 1017 2064 χειροτονηθεὶς
1036 1977 1122 2061 παρά
1143 1977 1369 2061 τοάεπατριάρ-

218 2102 269 2154 123
275 2103 336 2161 χον
363 2083 553 2160 Σχολαρίου.
611 2075 681 2145 εἶτα
711 2079 766 2144 καί
797 2077 992 2164 πατριάρχης
1022 2082 1153 2161 ἐγένετο.
1206 2075 1371 2142 καίιάσάν

277 2172 352 2260 ηἰον
370 2182 416 2254 εἰς
435 2179 491 2242 τὸν
511 2178 739 2263 πατριαρχικὸν
761 2180 887 2264 θρόνον,
908 2178 925 2242 d
947 2179 1064 2262 ἐχθρὸς
1079 2181 1134 2243 καὶ
1146 2183 1294 2260 πολέμιος
1306 2180 1369 2243 τῶν

277 2281 491 2359 Χριστιανῶν,
512 2283 591 2360 λέγω
612 2275 628 2340 ά
650 2277 807 2360 διάβολος,
830 2276 988 2364 ἐφθόνησε
1011 2278 1068 2361 την
1091 2276 1217 2363 εἰρήνην
1236 2279 1291 2340 καί
1309 2274 1412 2357 τὴννῡ

278 2375 467 2441 κατάστασιν
493 2377 574 2441 άποῦ
602 2372 726 2461 εἶχενῆ
757 2379 979 2462 ἐκκλησιά“τοά
1000 2380 1164 2462 Χριστοῦ,
1199 2380 1253 2442 καὶ
1274 2374 1369 2460 ἔβαλε

278 2475 335 2539 καί
363 2472 489 2558 ἔσπειρε
520 2477 644 2555 ζιζάνια
678 2481 733 2542 καί
752 2477 914 2543 σκάνδαλα
942 2480 987 2552 εἰς
1008 2477 1081 2553 τοὺς
1100 2476 1279 2562 κληρικοάς,
1316 2473 1372 2538 καί

279 2575 513 2662 ἐσυκοφάντουν
535 2577 587 2640 τὸν
609 2576 708 2642 ιιάτόν
729 2574 927 2664 πατριάρχην
948 2574 996 2642 ὅτι
1013 2574 1083 2642 teas
1105 2579 1369 2661 περιτετμημένος

279 2831 343 2899 egit.
382 2840 439 2885 erat
464 2834 550 2902 patria
575 2835 631 2885 eins
663 2835 918 2906 in'¹Peloponneso‚
943 2853 1013 2905 quae
1039 2852 1111 2887 nunc
1131 2836 1238 2887 Moraea
1257 2836 1368 2900 dicitur3

280 2910 423 2972 aetateque
442 2907 571 2971 puerulus
590 2906 642 2955 huc
662 2904 761 2975 Gpolin
775 2915 884 2958 venerat
903 2914 931 2958 et
951 2909 979 2958 ia
993 2907 1186 2974 Manganoram
1204 2909 1368 2958 monasterio

279 2974 390 3025 viserat.
426 2975 463 3025 ibi
485 2977 574 3027 Marco
596 2977 731 3043 Eugenioo
751 2979 850 3046 Ephesi
875 2977 1063 3046 metropolitae
1084 2996 1111 3028 se
1136 2977 1293 3028 subdiderat
1315 2979 1367 3027 mi·
1439 3017 1440 3020 ,

280 3046 410 3110 αλπηειος
431 3048 479 3115 qui
501 3048 641 3098 eisictum
660 3048 793 3116 praebens
812 3051 838 3098 in
858 3050 937 3099 sacris
963 3050 1043 3100 etiam
1063 3050 1148 3099 literis
1167 3049 1322 3107 instituerat
1342 3057 1369 3098 et
1439 3063 1440 3092 ι

280 3114 316 3166 ad
333 3132 452 3167 severam
471 3119 634 3169 monasticae
652 3123 723 3170 vitae
743 3121 896 3186 gravitatem
916 3119 1107 3172 informaverat
1124 3119 1321 3188 diaconumque
1341 3127 1369 3168 et

280 3187 466 3255 presbyterum
490 3187 669 3243 ordinaverat.
715 3197 932 3258 perseveraverat
959 3192 1052 3259 itaque
1082 3206 1141 3240 cum
1171 3188 1221 3239 hoc
1249 3188 1367 3257 Ephesio

283 3273 348 3307 sene
366 3257 401 3306 ad
421 3273 512 3306 omnes
535 3257 593 3310 dies
616 3263 688 3311 sitae
706 3263 773 3312 eius.
819 3262 927 3312 obsessa
949 3260 1048 3312 deinde
1072 3277 1088 3309 a
1106 3261 1213 3312 sultano
1233 3261 1299 3310 urbe
1319 3258 1371 3308 luit

284 3328 358 3377 intus
374 3326 455 3377 etiam
473 3327 616 3393 Dionysias
636 3330 694 3395 hic3
725 3340 752 3383 et
770 3340 920 3400 expugnata
947 3341 1040 3400 captus
1058 3339 1099 3381 est
1121 3347 1180 3380 cum
1197 3331 1257 3380 aliis
1278 3331 1370 3380 multis

285 3395 457 3458 Christianis,
484 3398 547 3448 viris
569 3399 674 3450 seminis
699 3410 727 3451 et
753 3403 852 3469 pueris·
884 3400 1037 3454 'abductum
1066 3411 1156 3452 autem
1174 3400 1371 3469 Adrianopolin

286 3467 351 3518 emit
371 3467 411 3518 vir
428 3466 539 3536 quidam
559 3470 698 3536 primarius
714 3473 824 3522 nomine
843 3472 956 3536 Cyritza,
981 3481 1009 3524 et
1029 3473 1056 3522 in
1075 3472 1228 3524 libertatem
1248 3472 1371 3522 vindiea-

285 3537 333 3588 vit.
371 3553 403 3587 ea
420 3537 517 3591 deinde
535 3539 635 3590 virtute
651 3542 795 3607 Dionysius
826 3543 925 3595 enituit
944 3551 973 3594 ut
998 3543 1172 3612 metropolita
1192 3538 1372 3610 Philippopo-

287 3607 346 3658 leos
367 3607 452 3659 sactus
483 3609 532 3671 sit,
551 3626 566 3659 a
585 3610 732 3680 patriarcha
757 3611 895 3663 Scholario
918 3613 1075 3664 declaratus.
1111 3613 1219 3664 tandem
1237 3613 1371 3662 illustrem

289 3694 399 3747 quoque
417 3679 584 3748 patriarchae
602 3681 710 3749 gradum
732 3692 887 3735 consecutus
908 3677 956 3735 est.
993 3692 1136 3754 postquam
1152 3682 1204 3733 hoo
1223 3684 1304 3733 modo
1324 3699 1371 3751 pa·

287 3747 458 3800 triarchieum
480 3751 599 3802 obtinuit
615 3753 752 3814 thronum,
771 3771 829 3804 cum
850 3755 918 3804 nihil
936 3763 987 3806 tam
999 3755 1137 3823 prodesset
1156 3753 1374 3803 eeclesiaeClsri·

288 3820 323 3869 sti
341 3836 421 3888 quam
440 3838 491 3888 pax
518 3831 546 3873 et
564 3825 727 3892 tranquillus
748 3841 833 3874 rerum
852 3834 944 3887 status,
973 3842 1034 3876 ecce
1053 3826 1177 3875 inimicus
1197 3824 1307 3874 humani
1326 3841 1373 3889 ge-

287 3891 359 3940 neris
377 3900 405 3942 et
433 3893 646 3944 irreconcialsilis
675 3893 761 3944 hostis
788 3894 1000 3947 Christianorum
1026 3911 1083 3946 eam
1107 3895 1273 3956 felicitatem,
1293 3911 1374 3962 qisam

287 3968 352 4011 tunc
370 3962 482 4014 ecelesia
511 3962 645 4026 habebat,
670 3965 695 4015 ei
712 3963 827 4026 invidit,
853 3967 999 4018 immittens
1026 3975 1053 4017 et
1082 3966 1257 4016 disseminans
1278 3965 1374 4014 infelix

288 4031 381 4083 lolium
398 4042 426 4084 et
442 4036 596 4086 offensionis
614 4037 694 4104 plena
712 4035 775 4085 odia
793 4037 821 4086 in
839 4035 994 4087 clericorum
1023 4038 1134 4099 animos,
1156 4036 1374 4104 utimprobissi·

287 4118 356 4154 mam
376 4102 410 4156 de
427 4106 578 4173 patriarcha
598 4106 759 4159 calumniam
779 4123 903 4176 spargere
921 4125 977 4160 noa
996 4107 1159 4170 dubitarent,
1182 4107 1272 4178 ipsum
1293 4107 1375 4158 fuisse
