2884 4775
277 230 347 301 162
726 232 922 297 HISTORIA

273 387 313 450 νά
328 378 412 469 ἦσαν
431 386 478 458 εἰς
500 380 536 447 τὸ
558 378 720 465 φοοσάτον
743 384 800 447 τοῦ
821 382 956 444 σοολτιῖν
981 380 1171 461 Μεχεμὲτη,
1193 371 1268 441 ὅταν
1291 367 1370 461 ἦλθε

212 485 327 549 159καί
346 486 446 567 ἐπῆρεΙ
467 480 526 565 την
546 480 654 562 πόλιν,
676 480 715 545 νά
750 480 888 561 μάθαμε
910 480 976 553 πῶς
992 475 1051 560 τήν
1071 478 1179 559 ἐπῆρε,
1203 472 1223 558 ἢ
1243 500 1284 557 με
1308 477 1370 539 πό-

269 589 385 662 λεμον,
413 576 434 663 ἢ
464 577 717 663 ἐπροσκάνησε,·”
750 578 766 642 o‘
799 580 835 641 δὲ
857 577 1056 659 πατριάρχης
1077 577 1235 659 άπεκριθη
1259 572 1368 657 ιιἕχοο,

267 678 420 744 σονλτάνε
444 680 539 758 μοο.”
582 673 651 742 ὅδὲ
668 682 788 751 πασιάς
812 673 879 742 εἶπε
893 678 949 739 τοῦ
967 675 1166 758 πατριάρχου
1190 678 1284 739 ι’ἐλθὲ
1304 668 1368 737 αὔ-

268 801 339 860 ριον
359 780 405 851 εἰς
436 777 473 841 τὸ
497 773 627 861 θιβάνη,
651 780 706 841 καί
740 780 873 856 θέλομεν
902 774 937 841 cri
960 776 1046 857 κάμα
1070 769 1170 859 άρτζη
1192 778 1249 841 τοῦ
1267 780 1392 855 βασι-5

267 880 355 960 λέως,
375 876 431 941 καί
443 876 551 950 καθώς
574 873 696 964 άρίση.”

348 977 453 1059 Ἐξέβη
486 978 522 1041 δὲ
543 975 560 1039 ὅ
585 973 788 1058 πατριάρχης
816 972 894 1053 μετά
929 978 983 1057 τῆς
1007 975 1156 1047 συνοδίας
1178 975 1276 1037 αὐτοῦ
1298 971 1361 1036 α’πὸ

263 1071 319 1140 τὸν
337 1079 447 1155 πασιά,
466 1074 523 1138 καί
541 1074 764 1159 ἠκολούθησαν
786 1074 886 1138 αὐτοῦ
907 1069 979 1137 ὅλον
1000 1070 1034 1137 τὸ
1051 1076 1168 1154 πλῆθος
1190 1074 1253 1136 τῶν
1274 1077 1361 1153 Χρι.

262 1176 408 1251 στιαναῖν,
436 1176 492 1237 καί
512 1167 617 1256 ἦλθαν
635 1176 702 1253 μετ’
732 1174 833 1235 αὐτοῦ
856 1175 901 1247 εἰς
920 1170 956 1238 τὸ
978 1180 1217 1253 πατριαρχιῖον,
1240 1170 1295 1235 καί
1316 1167 1360 1235 εἰ.

262 1296 326 1335 παν
346 1274 445 1336 αὐτοῦ
466 1267 535 1334 iiior
563 1275 623 1358 μιᾷ
646 1275 739 1358 φωνῇ
762 1258 858 1354 “coxi
882 1268 980 1349 μόνον
1007 1271 1133 1356 φλαριά
1155 1269 1194 1335 νά
1215 1270 1404 1350 ternpore

260 1367 314 1433 διά
335 1368 393 1443 τάς
412 1368 575 1453 ἐκκλησίας
598 1394 672 1453 μας,
693 1370 732 1433 νά
755 1368 811 1444 τάς
834 1368 1108 1453 ἑλεσθεριάσομεν·
1151 1367 1217 1451 άμη
1241 1370 1297 1431 καί
1317 1365 1355 1431 νά

260 1466 469 1548 α’πεθάνομεν,
490 1468 546 1533 καί
558 1467 649 1550 ἡμεῖς
669 1468 726 1533 κοιί
741 1466 779 1533 τά
793 1470 906 1533 παιδιά
926 1471 1018 1550 μας.”
1062 1463 1202 1539 οἰκούσας
1225 1466 1260 1529 δὲ
1283 1463 1358 1539 τούς

258 1564 371 1649 λάχους
402 1567 532 1642 τούτους
559 1567 576 1632 ὁ
611 1567 812 1653 πατριάρχης
843 1568 904 1632 άπὸ
936 1573 996 1632 τοῦ
1025 1570 1105 1632 λαοῦ
1142 1568 1356 1649 ηὕχαρίστηοε

257 1665 370 1747 πολλά,
391 1670 446 1729 καί
474 1662 645 1752 ειλλόγηοεν
666 1668 799 1748 αὐτούς,
820 1672 875 1731 καί
905 1663 1006 1744 οὕτως
1027 1669 1122 1750 α’νέβη
1146 1667 1191 1740 εἰς
1211 1662 1246 1731 τὸ
1267 1670 1356 1727 θεῖον

256 1768 379 1830 ιιελλιλιν
401 1764 515 1829 αάτοιῖ.
1365 1774 1399 1825 15

342 1863 412 1927 Καὶ
426 1864 480 1928 ὄπτ’
497 1862 553 1947 την
582 1857 696 1950 αὔριον
724 1858 828 1948 ἦλθαν
850 1862 880 1929 ολ
900 1861 1042 1948 κληρικοί
1068 1865 1122 1927 καί
1143 1862 1172 1927 οἱ
1193 1856 1354 1943 ἄρχοντες,

256 1963 311 2024 κατ’
336 1964 456 2044 ἐπῆραν
475 1961 537 2025 ’τὸν
558 1959 760 2047 πατριάρχην
787 1967 841 2027 καί
860 1964 904 2037 εἰς
925 1962 961 2027 τά
985 1961 1095 2045 θιβάνη
1119 1962 1254 2044 ὑπῆγαι,
1275 1960 1353 2027 ἀκο-

255 2064 446 2135 λουθοῦντες
474 2061 529 2125 καί
562 2055 638 2124 ὅλον
673 2066 733 2125 τοῦ
759 2065 840 2126 λαοῦ
868 2067 929 2126 τῶν
954 2066 1163 2145 Χριστιανῶν,
1187 2064 1242 2143 τῆς
1262 2062 1352 2135 πόλις

256 2158 312 2224 καί
328 2161 387 2223 τοῦ
407 2162 437 2222 Γ
435 2165 561 2241 αλατοῖ,
599 2158 781 2244 ἱερωμένων
810 2161 866 2225 κατ’
882 2165 1048 2243 κοσμικῶν.
1091 2164 1146 2225 καί
1165 2161 1207 2235 ὡς
1228 2162 1352 2243 ὑπῆγον

219 2316 233 2339 ,
254 2258 301 2332 εἰς
323 2256 359 2320 aci
387 2256 519 2343 θιβάνη,
540 2257 660 2345 ἐστάθη
682 2257 776 2324 πάλιν
795 2257 810 2325 ὅ
839 2258 1038 2345 πατριάρχης
1060 2259 1137 2341 μετά
1160 2264 1221 2325 τοῖν
1241 2266 1394 2344 ›cippi-²0

254 2358 318 2420 καῖν
338 2355 394 2422 κατ’
412 2354 575 2439 α’ρχάντων
599 2356 781 2442 ἔμπροσθεν
811 2362 874 2426 τάν
903 2362 1078 2426 πασιάιλοον.
1118 2354 1224 2426 τόιεά
1253 2364 1352 2424 Tovi-

255 2460 423 2539 φιπασιᾶς,
442 2454 487 2530 αἱς
509 2463 629 2541 πρῶτος
651 2461 800 2545 βεζίρης,
822 2454 890 2524 εἶπε
911 2458 1124 2546 ιιπατριάρχη,
1147 2459 1221 2543 ἔχω’,
1244 2457 1351 2532 καθολς

255 2767 339 2811 tocies
367 2761 474 2831 aliquot
493 2761 695 2828 Muaulmanoa‚
715 2765 768 2816 hoc
787 2775 829 2818 eet
852 2767 1020 2818 circumcisos
1038 2768 1145 2819 Turcici
1165 2769 1280 2834 generis,
1300 2772 1348 2838 qui

254 2837 321 2881 tunc
339 2841 494 2882 meruerunt
510 2834 540 2883 in
559 2834 675 2885 exercitu
697 2836 797 2886 auitani
814 2837 1006 2900 Machameum,
1025 2855 1084 2889 cum
1104 2838 1173 2888 hanc
1192 2838 1284 2888 urbem
1304 2841 1348 2889 in-

253 2903 325 2952 varit
350 2910 378 2952 et
395 2903 484 2970 cepit?
521 2919 555 2954 ex
583 2905 682 2972 quibus
709 2907 835 2958 certiores
861 2910 955 2960 fiamus
976 2926 1030 2977 quo
1057 2927 1114 2960 eam
1135 2909 1214 2960 inodo
1235 2911 1348 2978 ceperit,

252 2972 317 3022 vine
331 2988 365 3023 en
378 2972 518 3030 cleditione
528 2974 556 3026 i''
575 2975 612 3025 ibi
631 2975 780 3044 patiiarcha
795 2978 917 3031 “habeo”
937 2981 1034 3049 inquit,
1052 2980 1178 3033 “domine
1189 2981 1223 3028 mi
1241 2981 1349 3031 “redito

253 3043 352 3109 igituss'
371 3044 453 3094 refert
470 3044 548 3096 bacca
565 3053 640 3096 “crae
659 3045 693 3096 ad
710 3050 865 3101 concilium.
885 3051 1029 3102 reseremus
1048 3068 1096 3102 noa
1116 3069 1169 3102 rem
1190 3051 1223 3099 orl
1244 3067 1344 3117 regern3
1430 3105 1431 3110 ,

254 3120 284 3164 et
302 3112 377 3182 quod
395 3115 453 3182 ipae
474 3115 655 3183 imperaverit,
674 3117 747 3168 fier.”

323 3199 393 3250 Tum
414 3201 563 3268 patriarcha
583 3213 610 3254 et
627 3205 696 3254 auia
717 3205 793 3256 bessa
813 3208 969 3274 exiverunt3
992 3226 1071 3278 quem
1086 3217 1176 3260 secuta
1199 3219 1240 3261 est
1260 3210 1349 3260 omnis

254 3268 469 3320 Christianorum
488 3271 644 3323 multitudo.
682 3284 709 3326 et
733 3294 792 3327 cnm
812 3295 843 3328 eo
860 3277 1059 3349 patriarcheum
1077 3280 1187 3346 ingressi
1208 3299 1260 3331 una
1282 3296 1348 3330 voce

255 3355 347 3389 omnes
365 3338 399 3388 ad
417 3339 506 3408 ipsum
524 3341 653 3393 dixerunt
679 3352 754 3397 “non
777 3348 962 3401 tantummodo
990 3367 1082 3400 aurum
1102 3350 1233 3412 dabimus,
1252 3359 1283 3401 ut
1302 3367 1347 3400 ec·

254 3409 348 3459 cleeiaa
369 3417 473 3459 nostras
496 3411 652 3463 imminente
673 3415 827 3470 discrimine
855 3421 1008 3483 liberemus,
1028 3421 1174 3472 sedetiam
1196 3423 1276 3472 morti
1297 3438 1348 3474 noe

244 3480 329 3528 'iuxta
349 3495 380 3530 ac
400 3479 502 3532 liberos
520 3491 627 3534 nostros
655 3487 818 3538 offerimus.''
853 3489 922 3541 hanc
942 3492 1104 3559 praeclaram
1130 3493 1226 3561 populi
1245 3491 1347 3544 volun·

253 3556 337 3601 tatem
356 3556 388 3599 ut
406 3552 528 3622 percepit
548 3555 706 3622 patriarche,
729 3573 837 3624 magnas
863 3561 901 3610 eis
920 3564 1016 3630 gratias
1035 3564 1090 3630 egit
1107 3571 1134 3613 et
1154 3563 1348 3613 benedictione

253 3635 301 3671 aua
321 3630 478 3688 proaecntua
498 3632 547 3674 eat.
583 3625 647 3675 inde
664 3627 693 3678 in
714 3637 832 3679 sanctam
849 3648 922 3682 auam
947 3632 1140 3684 habitationem
1152 3633 1293 3684 escendit.

324 3713 455 3774 Postridie
473 3728 657 3782 convenerunt
674 3722 763 3774 clerici
783 3731 810 3774 et
833 3726 971 3794 primores,
990 3726 1172 3796 adiunctoque
1193 3727 1348 3796 patriarcha

253 3781 288 3837 eil
309 3784 429 3838 tribunal
458 3787 496 3841 ire
516 3800 708 3858 perrexerunt,
735 3795 880 3847 comitante
911 3797 983 3866 ipsoa
1004 3808 1100 3852 cuncto
1122 3798 1274 3852 Christiano
1294 3816 1348 3867 po-

254 3854 329 3921 pulo,
347 3871 404 3910 non
421 3857 502 3913 modo
525 3860 597 3912 urbia
617 3862 663 3912 aed
681 3864 763 3914 etiam
775 3865 898 3929 Galatae,
919 3886 971 3922 nec
988 3872 1055 3920 sacri
1074 3869 1156 3921 modo
1176 3869 1281 3922 ordinis
1299 3869 1349 3920 aed

255 3924 334 3975 ctiam
357 3926 491 3979 secularia.
529 3948 644 4002 cumque
662 3950 694 3984 eo
709 3937 902 4001 pervenissent,
924 3957 1013 3992 rursus
1030 3941 1106 3992 stetit
1116 3940 1268 4009 patriarcha
1285 3958 1347 3994 cum

253 3993 357 4048 clericis
378 4006 406 4048 ct
424 3999 593 4068 principibus
612 4020 698 4054 coram
717 4005 809 4056 bassis.
846 4009 885 4060 ibi
898 4010 1000 4079 Tulphi
1020 4011 1108 4073 bassa,
1128 4020 1158 4062 ut
1174 4012 1277 4080 primus
1297 4028 1347 4062 ve-

257 4067 335 4129 rirca,
355 4067 415 4120 iniit
459 4070 545 4124 “heus
563 4074 725 4142 patriarcha,
743 4093 792 4144 ego
812 4079 882 4148 sicut
905 4079 959 4133 huc
978 4084 1006 4134 in
1025 4083 1125 4152 regium
1149 4090 1273 4136 renatum
1295 4081 1348 4132 ad-
