2884 4775
261 257 331 321 170
701 258 896 321 HISTORIA

254 409 365 490 χρυσᾶ
384 406 438 470 καί
459 407 585 489 ἀργυρᾶ
597 454 606 484 ,
631 406 686 471 καί
707 405 852 490 κτήματα
877 408 991 488 πολλάν,
1015 397 1109 487 ἤγουν
1130 402 1279 484 podiam,
1300 405 1356 469 διαὶ

258 505 380 591 τροφὴν
402 509 464 570 τῶν
485 503 680 588 καλσγὴρανν.

343 603 644 688 Πατριαρχεδονεος
661 609 706 667 ’δὲ
732 604 845 667 τούτου
868 596 966 684 η’λθεν
995 600 1011 665 ὃ
1035 606 1281 686 α’ρχιεπισκοπος
1302 607 1358 686 τῆς

259 702 622 785 πρώην’1ονστινιανῆς.,
646 698 836 785 Ἀχρειδσδν,
861 697 989 777 ὀνόματι
1013 700 1204 781 Πρόχωρσς,
1227 704 1289 765 ἐδοό
1309 705 1356 775 εἰς

257 801 314 881 την
339 802 696 881 Κωνσταντινούπολιν,
726 800 781 862 καί
802 798 993 884 ἐνεφανίσθη
1025 801 1070 873 εἰς
1091 799 1124 861 νδ
1149 801 1279 883 διβάνη,
1301 804 1382 863 >saio
1434 844 1435 859 ι

213 892 221 903 ’
254 896 351 973 ἔδειξε
375 898 598 980 χροσόβουλλα
621 900 782 978 βασιλικοί,
804 897 843 961 sd
868 895 960 960 ὁποῖα
983 897 1091 979 ε”λεγαν
1113 898 1166 961 καί
1187 900 1356 983 α’πέφηναν

254 990 299 1060 ὅτι
322 996 341 1079 ἦ
363 995 592 1078 α’ρχιεπισκοπὴ
617 999 716 1060 adrui
747 994 782 1061 νδ
808 995 935 1079 ἔχειτὰ
960 1001 1108 1079 Βέρρσια,
1130 996 1167 1059 τοὶ
1190 996 1285 1059 ὁποῖα
1306 994 1356 1063 εἷ-

254 1118 304 1157 ναι
326 1093 477 1177 ἐπισκοπὴ
502 1098 558 1177 της
578 1095 800 1179 μητροπόλεως
832 1099 1074 1177 Θεσσαλονίκης.
1117 1098 1244 1178 κοίτης
1266 1089 1357 1177 (δρας

111 1224 114 1231 ·
194 1191 367 1275 Ῑσέἔβαλεν
402 1190 514 1257 ἑκατὸν
547 1198 675 1277 φλανριά
695 1194 840 1277 χαράιζη
871 1196 915 1267 εἷς
939 1197 1060 1268 αὐτοῖς.
1113 1196 1167 1256 καί
1188 1194 1229 1268 ιδς
1250 1192 1356 1258 ἴδενὸ

254 1290 455 1377 πατριάρχης
474 1289 520 1356 δτι
543 1291 641 1371 ἔβαλε
657 1292 821 1375 χαράιζη,
843 1287 937 1376 ἦλθεν
961 1295 1005 1369 εἰς
1032 1292 1239 1375 α’δδημονίσν,
1260 1295 1297 1355 τί
1315 1290 1400 1356 νιὶ10

253 1392 360 1477 κάμῃ,
381 1392 420 1455 vd
456 1395 555 1476 μηδὲν
581 1397 638 1456 τοῦ
660 1394 763 1478 ἐνιδρη
791 1391 908 1465 adrosis
940 1392 1015 1466 τούς
1035 1386 1163 1465 πόπους.
1207 1394 1261 1455 καί
1282 1389 1356 1474 ἐτζη

253 1496 311 1553 τοῦ
332 1487 540 1574 ἐρμηνευσαν,
564 1493 618 1553 καί
637 1488 737 1572 ὑπῆγε
758 1494 812 1554 καί
832 1485 944 1572 edyssa
970 1496 1131 1577 φεῖνιφᾶν.
1176 1490 1230 1553 καί
1250 1488 1357 1573 ἔλεγεν

253 1586 354 1663 οὕτως
389 1588 597 1675 δφεῖτιφιῖς,
620 1587 689 1665 δἐι,
712 1588 820 1652 α’νέναι
856 1593 911 1652 καί
930 1587 996 1670 ἔχει
1029 1589 1117 1663 τινοὶς
1138 1593 1192 1654 ἕνα
1215 1592 1357 1671 πρᾶγμα,

253 1691 308 1750 καί
327 1686 363 1749 τὸ
387 1685 488 1770 ἐρίζει
512 1683 624 1752 ἑκατὸν
644 1684 791 1771 χρόνους,
814 1693 908 1751 πλέον
937 1691 990 1751 atr
1012 1688 1127 1770 ὑπορεῖ
1146 1686 1234 1761 τινοὶς
1255 1688 1294 1749 vri
1317 1674 1355 1748 sd

253 1787 356 1873 ἐπιίρῃ
380 1785 442 1849 dni
465 1786 498 1849 ιό
519 1791 598 1870 χέρη
621 1809 690 1850 τοο.
746 1790 800 1849 καί
820 1784 892 1869 ἐτζη
915 1787 1073 1871 ἐφανίσθη
1106 1790 1150 1860 εἰς
1170 1785 1205 1849 τέ
1228 1785 1355 1867 διβοὶνη,
1366 1793 1398 1844 15

248 1889 308 1947 arui
329 1884 428 1961 ἔδειξε
448 1883 503 1960 τὸν
523 1888 687 1969 φεϊτιφιῖν,
709 1884 765 1948 καί
780 1886 941 1963 ἀπέδειξεν
955 1880 997 1949 ὅτι
1016 1882 1053 1949 νεὶ
1076 1882 1142 1966 ἔχει
1164 1887 1257 1949 πλέον
1280 1889 1357 1966 περὶ

252 1986 451 2066 τριακοσίους
481 1983 615 2063 χρόνους
653 1983 673 2064 η’
702 1987 850 2068 ἐκκλησία
887 1986 943 2065 τῆς
979 1980 1356 2057 Κωνοοαννινουπόλεως.

253 2086 309 2145 καί
329 2075 521 2155 ἀκούσαντες
557 2087 646 2146 τοῦτο
677 2081 706 2146 οἱ
740 2080 895 2157 πασιάδες
926 2080 1117 2146 ἐδικαίωσαν
1140 2080 1239 2145 odedu
1261 2078 1299 2144 voi
1318 2078 1353 2144 cd
1437 2080 1438 2153 ζ

252 2176 330 2261 ἔχει,
352 2177 431 2259 μετὰ
455 2184 547 2243 τοῦτο
569 2175 615 2243 ὅτι
638 2182 676 2244 ad
701 2186 821 2263 σιέρξει
844 2181 882 2244 τὰ
908 2179 1019 2244 ducaris
1042 2184 1177 2265 φλιορέα,
1199 2176 1255 2261 την
1276 2176 1357 2241 ἐπα-

253 2277 384 2342 νεὺασιν
404 2280 462 2342 τοῦ
483 2278 679 2361 Προχοέροα.
721 2278 766 2359 μὴ
790 2278 872 2361 ἔχων
888 2283 922 2344 δὲ
943 2282 976 2341 τί
996 2280 1032 2341 νιὶ
1047 2280 1132 2366 κάμῃ
1156 2273 1172 2339 o‘
1193 2275 1399 2359 πανριοὶρ-ρο

250 2402 312 2460 χης
331 2373 473 2461 ἔστερξεν
486 2377 587 2440 adrui·
620 2381 676 2443 καί
701 2377 773 2464 ἐτζη
796 2382 972 2458 ἐπεδίωξαν
993 2378 1047 2442 εόν
1067 2376 1357 2460 αδτόνΠρόχιορον

253 2474 315 2538 dud
341 2476 377 2540 τὸ
407 2476 530 2561 διβοὶνη.
583 2476 666 2561 ἐγινε
695 2483 730 2542 δὲ
764 2473 835 2542 ὅλον
864 2477 898 2542 τὸ
929 2477 1102 2563 χαρὰοζιον
1131 2481 1186 2559 τῆς
1214 2479 1356 2558 μεγάλης

260 2782 395 2842 argentea,
417 2775 562 2828 dedicavit.
600 2776 719 2846 denique
738 2777 830 2828 multis
846 2777 1069 2846 possessionibus,
1088 2794 1119 2826 ea
1136 2774 1238 2844 quibus
1254 2775 1354 2824 alimo-

253 2846 300 2897 nia
320 2846 456 2898 monachis
475 2847 674 2917 suppeditetur,
692 2848 878 2917 locupletavit.

313 2941 456 3009 'Tempore
474 2942 556 2992 huius
569 2942 737 3010 patriarchas
756 2942 832 2991 veuit
846 2940 1063 3008 archiepiscopus
1078 2938 1263 2998 Achridaruns,
1284 2937 1352 2988 olim

252 3010 355 3079 primae
369 3012 545 3073 iustinianae,
564 3011 840 3068 nomineProchorus‚
859 3010 1030 3078 hucCpolin3
1052 3026 1166 3079 cumque
1182 3011 1209 3058 ia
1226 3016 1353 3058 senatum

253 3082 415 3143 accessisset,
433 3072 549 3150 protulit'
564 3083 711 3152 diplomata
730 3084 804 3132 aursi
823 3082 905 3148 sigilli
925 3083 1106 3148 imperatoria,
1126 3080 1223 3148 quibus
1236 3077 1354 3126 ailirrrra-

252 3151 334 3201 batur
343 3159 372 3202 et
381 3152 568 3203 declarabatur
580 3153 615 3204 ad
624 3153 884 3220 archiepiscopatum
894 3153 949 3200 eius
968 3151 1105 3220 pertinere
1117 3149 1283 3207 Berrlroeam,
1305 3149 1354 3217 qui

254 3230 295 3271 est
306 3224 476 3290 episcopatus
493 3225 675 3289 metropoleos
685 3224 902 3274 Thessalonicae.
916 3239 946 3272 ac
965 3223 1052 3271 statim
1072 3237 1104 3270 eo
1116 3220 1225 3272 nostine
1243 3228 1354 3269 centum

253 3307 349 3342 aureos
372 3291 476 3342 tributo
501 3292 609 3343 adiecit.
646 3294 721 3361 quod
748 3311 806 3344 cum
826 3292 931 3343 videret
948 3290 1118 3360 patriarcha,
1137 3293 1165 3340 iu
1185 3288 1354 3340 sollicitudi-

254 3377 317 3411 ποια
340 3360 450 3422 incidit,
479 3361 607 3428 quidnam
630 3362 745 3424 laceret,
764 3379 799 3414 ue
827 3364 874 3413 ille
905 3363 963 3412 loca
984 3362 1055 3410 iliius
1076 3361 1246 3429 episcopatus
1270 3358 1305 3408 ad
1324 3375 1354 3409 ss
1438 3417 1439 3428 η

254 3430 385 3485 traheret.
422 3432 537 3482 consilio
560 3434 642 3498 igitur
660 3433 828 3500 quorundam
849 3448 911 3482 usus
930 3431 999 3482 abiit
1019 3438 1046 3482 et
1067 3431 1153 3498 legem
1175 3430 1282 3484 extulit.
1303 3446 1353 3478 crr-

256 3501 297 3553 lus
316 3502 450 3552 sententia
463 3511 520 3552 erat
540 3504 580 3553 “si
597 3504 741 3568 contigerit
760 3511 789 3552 ut
807 3503 906 3572 aliquis
926 3519 978 3552 rem
990 3501 1107 3570 aliquam
1122 3501 1156 3551 ad
1174 3500 1352 3550 centesimum

255 3585 355 3626 anuum
375 3571 403 3620 iu
423 3579 557 3640 potestate
582 3572 695 3633 lrabeat,
725 3589 803 3622 nemo
822 3573 924 3640 poterit
947 3587 1006 3621 eam
1025 3571 1140 3640 amplius
1159 3571 1183 3620 ei
1207 3569 1240 3620 dc
1261 3571 1354 3618 mani-

255 3639 307 3697 bus
325 3643 454 3708 eriperc.''
491 3645 529 3693 ita
549 3642 584 3693 ad
598 3643 717 3693 tribunal
736 3643 872 3692 bassarum
887 3647 1015 3704 accessit,
1033 3642 1136 3709 illaque
1155 3642 1213 3704 lege
1233 3639 1353 3707 prolata,

256 3709 452 3762 demonstravit
476 3714 658 3782 episcopatum
687 3712 852 3780 praedictum
872 3713 987 3780 amplius
1006 3718 1142 3762 trecentos
1162 3727 1247 3759 anuos
1268 3725 1353 3775 perses

256 3780 585 3850 constantinopolitanam
615 3783 755 3834 ecclesiam
778 3783 868 3832 fuisse.
910 3799 965 3849 quo
995 3781 1088 3831 audito
1115 3781 1190 3830 ilium
1211 3779 1234 3829 ei
1256 3778 1353 3828 bassas

256 3848 461 3915 adiudicarant,
480 3853 530 3902 sub
550 3853 710 3905 condicione
729 3861 820 3904 tamen
846 3859 876 3903 ut
895 3851 1036 3902 additione
1056 3860 1163 3902 centum
1181 3849 1352 3909 ducatorum,
1437 3867 1439 3890 ι

256 3938 335 3988 quam
357 3921 502 3974 Prochorus
522 3923 638 3984 fecisset,
656 3924 846 4042 acppiesceret.
885 3922 958 3992 quod
977 3923 1031 3984 hic,
1050 3939 1108 3971 cum
1131 3928 1274 3971 retractare
1294 3935 1352 3968 nou

257 4000 358 4057 posset,
379 3992 452 4042 lecit.
488 3994 528 4043 ita
541 3995 663 4062 repulsus
682 4011 697 4044 a
719 3995 752 4045 iit
766 3991 921 4044 Prochorus.
959 3993 1011 4043 hoc
1029 3991 1109 4042 morio
1130 4007 1248 4040 aunrsum
1269 3988 1352 4038 huius

256 4074 369 4128 magnas
388 4062 518 4114 ccclesias
536 4064 677 4129 tributum,
695 4063 730 4116 ad
749 4070 877 4134 quattuor
890 4064 964 4114 milla
983 4071 1011 4114 et
1028 4071 1136 4115 centum
1156 4061 1268 4113 ducatos
1288 4076 1352 4128 per-
