2884 4775
572 231 772 297 POLlTlCll.
1164 229 1212 299 69

124 384 164 471 τῇ
187 386 400 469 ποτριαρχεόρ
418 381 553 464 χρόνους
574 384 624 460 ἓξ,
647 374 713 445 εἶτα
736 379 919 469 σκανδάλων
939 380 1109 462 γεγονότων
1131 386 1212 463 μετά

121 506 206 555 τινος
230 479 370 564 Γαβριηλ
390 484 534 563 μοναχοά
555 484 678 562 ἐξῆλθε,
699 480 754 545 κατ’
774 482 902 563 εἰσῆλθε
923 479 1017 545 πάλιν
1036 481 1054 545 ό
1076 480 1212 567 Νηφων,

122 584 178 643 soi
197 583 332 661 διέμεινε
352 581 466 660 χρόνον
489 578 553 643 ἕνα.
598 574 666 643 εἶτα
687 582 742 642 καί
771 572 868 653 αὖθις
886 574 1069 644 σκανδάλων
1088 580 1214 664 γεγονό-

121 706 183 743 των
205 682 322 761 ἐγένετο
354 678 370 740 ό
394 677 528 761 Δράμας
544 678 699 757 Ἰωακεόμ,
731 676 766 751 ός
791 670 828 760 ἧν
848 682 903 743 τοῦ
922 684 1020 762 πυροῦ
1040 684 1212 745 Διονυσίου

95 775 304 861 ὁκαλόγηρος.
324 773 362 860 ἤν
385 781 419 843 di
439 782 505 851 νέος
525 783 584 859 μὲν
597 776 652 861 τὴν
673 778 807 860 ἠλικίαν,
830 779 987 861 χρήσιμος
1001 782 1036 843 δὲ
1057 781 1112 863 τήν
1133 781 1213 863 γνά-

120 904 186 961 μην
207 876 261 941 κατ’
280 878 484 959 ἀγαπώμενος
517 875 604 959 παρά
636 876 769 943 πάντων.
821 876 855 952 ὃς
875 877 929 953 κατ’
947 881 980 942 ἑν
1000 877 1116 967 Ἰβηρίᾳ
1136 883 1214 944 ἑπο-

123 977 247 1061 ρεόθη,
267 980 322 1041 κατ’
341 974 371 1041 oi
385 980 458 1051 ἐκεῖ
476 977 605 1060 Ἰβήρων
634 968 785 1058 άρχοντες
805 972 822 1040 ό
842 1000 879 1063 τε
897 970 1139 1063 α’ρχιεπόσκοπος
1159 984 1215 1046 κατ’

122 1076 152 1141 οἱ
173 1080 337 1142 ἐπίσκοποι
359 1074 586 1158 ἀποδεξάμενοι
609 1079 749 1141 όὲόιυκαν
771 1074 891 1160 δωρεάς
913 1075 1030 1151 πολλάς
1050 1080 1106 1141 καί
1126 1073 1213 1162 ἐλεη-

121 1180 262 1255 μοσύνας
283 1181 338 1241 ’κατ’
358 1175 511 1261 βοήθειαν
536 1177 720 1260 ιῖρκοόσαν·
770 1174 807 1240 όν
824 1175 862 1259 dp*
887 1176 1018 1240 ἐλθόντα
1040 1174 1159 1241 ἐκεῖθεν
1180 1180 1213 1241 ἐν

78 1288 113 1340 10
124 1279 165 1361 τῷ
194 1278 412 1365 πατριαρχεόρ
441 1274 613 1360 εἰρηνεύειν
643 1278 700 1338 οόκ
731 1276 871 1361 ἀφῆκαν.
925 1279 1052 1358 ἐποίησε
1080 1279 1140 1358 γάρ
1165 1301 1213 1351 τις

121 1379 302 1458 Σηλυβρόοις
324 1379 562 1461 μητροπολότης,
584 1374 661 1459 άνηρ
684 1374 820 1459 πονηρός
840 1378 894 1439 κατ’
912 1377 1096 1459 φαυλόβιος,
1119 1375 1214 1452 άξόως

120 1477 323 1561 παιδευθείς,
343 1475 526 1559 προσθήκην
549 1476 582 1539 ὲν
605 1480 648 1561 τῷ
673 1480 838 1561 χαροτζιλγ
860 1478 986 1557 φλωρόα
1007 1477 1097 1555 χιλια
1120 1473 1213 1551 ἅτινα

120 1577 176 1637 καί
193 1575 239 1656 μη
263 1574 452 1656 βουλόμενος
476 1579 587 1639 δοῦναι
609 1574 627 1638 ό
650 1575 850 1659 πατριάρχης
871 1572 952 1656 πλὴν
972 1572 1077 1660 γνιόμη
1099 1575 1214 1657 α’ρχιε-
1266 1650 1269 1655 .

121 1678 202 1753 ρέων
223 1678 278 1738 καό
297 1676 353 1739 τοῦ
374 1679 452 1737 λαοῦ
475 1673 623 1759 ἔστερξεν.
667 1670 770 1749 άλλως
789 1674 851 1756 γάρ
874 1674 910 1737 τά
934 1677 1032 1755 χείρω
1053 1677 1140 1738 ε’νόκοι
1160 1678 1215 1740 καί

78 1773 137 1845 lori
151 1772 317 1858 ’δυνάστης
336 1778 481 1859 ἐκάθητο.

202 1875 323 1955 Ὀλίγον
344 1878 379 1939 δὲ
400 1874 533 1959 όστέρον
553 1880 669 1960 συνέβη
693 1900 723 1940 τι
755 1876 894 1939 τοιοῦτον
921 1873 1105 1938 σκάνδαλον.
1142 1863 1211 1936 πο.

119 1979 292 2061 ρευομὲνου
318 1978 375 2038 τοῦ
397 1977 572 2041 σουλτάνου
600 1980 645 2051 εἷς
681 1985 746 2050 τοῖς
771 1980 883 2057 μέρεσι
913 1978 972 2047 τοῦ,
1003 1976 1211 2037 Καταστόνου

119 2079 251 2160 πλησίον
271 2075 392 2159 χωριόυ
414 2082 579 2157 λεγομένου
595 2073 850 2159 χρυσοκερόμρυ,
871 2076 927 2138 τοῦ
952 2072 1054 2137 ἐπάνω
1077 2078 1212 2157 Χρυσο-

119 2179 250 2257 πόλεοος,
273 2173 294 2255 ἢ
313 2180 368 2239 νόν
384 2178 505 2258 λέγεται
521 2177 711 2261 Σκοόταρον,
726 2172 881 2238 ἐθεάσατο
897 2176 930 2238 ἐν
950 2176 988 2260 τῇ
998 2171 1089 2258 χάρη
1111 2169 1209 2260 roden

74 2269 204 2347 wodstoc
225 2278 281 2339 ἕνα
303 2277 380 2355 μετά
403 2277 549 2360 κεράμων
570 2277 706 2359 οἱραόων,
727 2274 781 2339 κατ’
802 2276 943 2358 η’ριότησε
972 2276 1006 2337 τό
1021 2278 1135 2353 τοῦτο;
1158 2274 1213 2337 καὶ

119 2378 154 2441 ἐν
175 2375 329 2462 ἁπλότητι
358 2376 387 2440 οἱ
410 2378 564 2462 ,ἐγχώριοι
584 2372 790 2464 άπεκρόνοιντο
814 2372 862 2440 ότι
879 2372 906 2447 ,ό
930 2373 1125 2461 πατριάρχης
1143 2367 1211 2438 εἶπε

120 2616 230 2674 monte3
248 2607 281 2659 de
304 2625 357 2678 quo
377 2609 448 2659 varia
470 2609 540 2658 lama
560 2608 733 2678 salisparsa,
764 2608 812 2658 sed
830 2609 931 2658 nemini
951 2616 1137 2676 praeterquam
1156 2608 1208 2658 deo

119 2683 220 2732 veritas
233 2682 349 2746 cognita.
371 2680 459 2746 exegit
478 2682 506 2730 in
525 2676 610 2730 ollicio
625 2673 710 2730 asinos
730 2695 784 2733 sex.
822 2680 886 2729 inde
906 2681 962 2729 risa
983 2680 1055 2730 inter
1074 2679 1160 2748 ipsum
1181 2686 1210 2730 et

120 2752 257 2820 quendam
278 2750 435 2802 monacham
448 2751 601 2801 Gabrielem
616 2751 725 2800 nomine
746 2759 803 2800 orta
823 2751 942 2800 excessit.
980 2751 1009 2808 in
1028 2751 1101 2801 cuius
1121 2748 1210 2799 locum

119 2823 203 2874 rediit
221 2821 322 2890 Nipho,
344 2839 374 2872 ac
394 2823 540 2892 permansit
559 2839 658 2871 anniam
679 2829 768 2872 undm.
809 2838 901 2871 ,rursus
926 2820 990 2870 dein
1012 2820 1123 2871 dissidio
1143 2829 1208 2870 nato

118 2895 250 2944 successit
273 2895 383 2944 Dramae
402 2893 575 2962 metropolita
594 2895 735 2953 laesimus,
755 2892 801 2960 qui
815 2892 935 2956 Dionysii
950 2891 1038 2943 luerat
1055 2889 1209 2940 monachus.
1276 2908 1282 2917 ’

120 2973 179 3016 erat
198 2966 220 3015 is
239 2967 326 3014 aetate
350 2963 458 3034 quidem
476 2965 589 3026 iuvenis,
614 2963 662 3014 sed
692 2962 801 3030 ingenio
831 2961 1003 3028 moribusque
1035 2960 1163 3029 probatus
1183 2969 1211 3011 et

119 3045 211 3103 gratus
231 3035 364 3089 omnibus.
400 3035 537 3103 proiectus
567 3042 609 3084 est
630 3035 658 3084 in
678 3033 791 3083 lberiam
808 3049 854 3082 seu
876 3033 1073 3097 Georgicum,
1092 3031 1209 3097 benigne

118 3107 159 3156 ibi
180 3107 213 3156 ab
235 3108 292 3156 eius
314 3107 430 3172 regionis
457 3105 625 3174 principibus
654 3103 856 3170 archiepiscopo
875 3110 903 3152 et
922 3103 1054 3170 episcopis
1073 3110 1209 3170 exceptus,

117 3177 212 3229 multis
236 3177 388 3227 muneribus
415 3181 543 3238 affectus,
563 3193 622 3224 cum
646 3174 817 3240 eleemosyna
847 3180 874 3222 et
890 3172 1032 3234 subsidio,
1053 3173 1125 3241 quod
1145 3174 1210 3222 satis

119 3257 200 3310 esset,
218 3249 368 3297 liberaliter
387 3247 520 3298 dimiseris.
559 3245 606 3295 sed
623 3263 673 3296 nec
693 3243 756 3294 huic
774 3244 851 3293 illinc
869 3242 977 3294 domum
991 3259 1095 3294 reverso
1114 3261 1163 3311 pax
1183 3252 1212 3294 et

118 3321 198 3388 quies
220 3335 354 3369 concessa.
378 3351 385 3366 ,ι
400 3319 491 3369 extitit
516 3317 587 3368 enim
614 3317 723 3384 qnidam
742 3315 827 3364 malus
857 3323 884 3364 et
902 3316 973 3366 vitae
994 3314 1100 3364 infamis
1120 3314 1210 3375 homo,

65 3431 70 3439 ,
119 3392 167 3458 qui
191 3407 248 3440 curu
268 3390 406 3456 Selybriae
423 3389 623 3456 metropolitam
643 3389 758 3454 egisset,
788 3386 896 3453 dignam
923 3386 998 3435 lactis
1023 3388 1078 3435 suis
1096 3387 1210 3452 castiga-

118 3463 223 3511 tionem
243 3477 336 3530 paesns
354 3461 451 3510 suerat.
487 3459 563 3510 ised
582 3458 713 3510 tributum
734 3459 858 3507 usitatum
880 3456 1045 3506 additionem
1067 3457 1142 3506 mille
1161 3475 1209 3505 an.

117 3549 226 3582 reorum
254 3531 327 3582 lecit.
370 3548 449 3600 quam
479 3547 536 3580 cum
567 3529 716 3599 patriarcha
745 3537 909 3589 recusasset,
940 3526 1047 3578 tandem
1067 3527 1210 3596 deponti-

116 3603 199 3652 ficum
218 3607 246 3652 et
263 3601 359 3670 populi
378 3603 510 3652 sententia
534 3601 649 3650 admisit.
687 3609 714 3651 et
732 3600 834 3668 alioqui
854 3598 972 3649 deterior
988 3614 1067 3650 causa
1084 3598 1210 3649 vincebat
1245 3651 1249 3664 ,

115 3675 274 3740 meliorem
294 3681 322 3724 et
340 3674 390 3743 qui·
406 3674 431 3722 vi
452 3689 547 3741 cogere
569 3679 684 3740 poterat,
705 3680 814 3740 praetor
832 3669 952 3730 sedehat.

206 3760 263 3810 Nec
278 3760 377 3826 ‘multo
397 3761 539 3810 interiecto
560 3768 680 3827 ternpore
707 3775 775 3808 nova
796 3757 926 3826 quaedam
947 3755 1060 3806 offensio
1084 3756 1205 3806 accessit.

115 3825 177 3882 chin
196 3832 319 3882 soltanus
337 3833 364 3880 in
385 3831 554 3900 Propontidis
584 3830 702 3896 partibus
723 3837 889 3887 versaretur,
908 3845 992 3896 prope
1013 3827 1102 3877 locum
1124 3825 1208 3892 Chry.

115 3918 282 3952 socer-amum
301 3903 431 3962 nomine,
459 3919 537 3972 supra
556 3900 732 3968 Clrrysopolin
751 3898 841 3966 (qrram
871 3915 941 3947 nrrnc
959 3898 1081 3948 Scutario
1100 3900 1207 3958 vocant)
1289 3921 1292 3926 ·

115 3973 208 4033 situm,
228 3973 299 4024 lorte
318 3974 459 4040 conspexit
488 3972 525 4022 ibi
552 3971 659 4021 clornum
686 3970 803 4038 pulchris
821 3970 917 4034 tegulis
944 3977 1053 4031 tectam3
1077 3968 1156 4018 etde
1175 3985 1207 4016 ea

116 4045 255 4113 quaesivit
273 4043 339 4114 quid
359 4052 437 4094 esset.
456 4042 653 4111 responderunt
673 4041 786 4099 incolae,
811 4048 841 4090 nt
859 4040 982 4090 homines
1001 4040 1144 4108 simplices,
1164 4039 1206 4088 in·

117 4131 207 4183 genoe
225 4122 287 4168 “est
304 4116 356 4166 hoc
374 4115 529 4184 imperator,
547 4121 666 4165 nostruin
688 4113 835 4181 templnm3
857 4119 884 4162 et
903 4110 930 4161 id
948 4112 1021 4162 iussu
1040 4107 1205 4178 patriarchae
