2884 4775
259 435 315 501 τὸν
337 436 437 518 μέγαν
465 430 693 501 Ἰοαοτινιανὸν
726 429 847 500 δώδεκα
874 436 1125 518 Δροῖνοπολῖται
1153 429 1207 498 καὶ
1240 430 1365 499 δώδεκα

261 539 428 617 Χαονῖται,
449 528 563 620 ἄνδρες
584 537 755 619 diuiserat,
777 534 1009 621 μιγαλόκορμοι
1028 535 1082 600 καί
1104 533 1268 622 φρόνιμοι.
1311 538 1367 600 καί

262 632 306 712 ὥς
328 634 402 712 τούς
423 630 505 702 εἶδεν
539 635 556 699 d
576 641 747 723 βασιλεύς,
771 639 871 722 ἐχάρη
904 633 1082 700 καταπολλοὶ
1107 633 1160 719 τὴν
1182 629 1364 722 οἷραιότητα

263 735 558 820 scripturorum,
589 741 644 801 καί
671 737 771 813 sidric
801 733 881 817 μετα
902 743 985 820 τρεῖς
1007 735 1129 819 ἡμέρας
1149 733 1222 812 τούς
1244 733 1364 800 ἔδωσεν

261 836 427 916 α’ξιώματα
459 836 498 902 να
537 837 746 922 εὑρίσκονται
776 834 869 902 κοντά
890 859 946 902 τοο
968 840 1025 901 καί
1043 839 1088 912 εἷς
1107 834 1159 902 τὸν
1179 834 1273 902 τόπον
1292 859 1387 916 soom

261 936 317 1002 sai
337 935 457 1004 duretis
486 936 539 1004 τὸν
559 935 849 1023 πρατοστιαθοῖριόν
868 960 925 1001 τοο
957 942 1164 1022 τιτριβλέτιτην
1195 932 1277 1002 ὅλων
1299 941 1363 1001 τοῖν

260 1042 367 1121 μορῶν
387 1042 523 1121 ἐκείνων,
542 1040 717 1116 Ἀἲδωνιάς
738 1040 918 1116 Φοινικιίας
937 1027 1127 1121 Χιιμιὲρας,
1150 1042 1205 1104 καί
1224 1039 1284 1114 ἓως
1308 1037 1364 1103 τὸν

261 1141 404 1206 Adloivc
426 1139 481 1204 καί
501 1139 538 1206 τὰ
555 1139 778 1223 Βελλοὶγραδα.
820 1139 875 1204 καί
895 1142 941 1218 εἰς
961 1134 1040 1203 inrui
1061 1139 1197 1222 χρόνους
1219 1135 1363 1228 εἰρήναν.

264 1266 325 1308 σαν
348 1239 377 1306 οἱ
397 1240 497 1322 τόκοι,
521 1239 564 1316 ὥς
585 1233 714 1360 iubetur.
758 1237 973 1322 αποθανόντος
995 1241 1030 1304 δὲ
1049 1242 1107 1305 τοῦ
1127 1243 1363 1322 πρωτοσααθα-

263 1345 334 1466 ριόο
357 1338 612 1425 Ἀλεξάνδροο”
592 1365 707 1423 syrenes
724 1345 769 1416 εἰς
790 1341 843 1406 τόν
864 1341 960 1406 τόκον
980 1339 1098 1405 ἐκείνου
1122 1343 1364 1415 Κανσταντῖνος
1374 1356 1401 1409 10

264 1442 281 1508 ὅ
304 1440 600 1528 Δροῖτοιιολίτης,
585 1467 600 1505 ο
624 1444 658 1505 ἐκ
677 1439 787 1566 χώρας
811 1435 1042 1523 Λαμαόβοο,“
1026 1464 1059 1516 ος
1082 1465 1128 1516 τις
1153 1442 1205 1505 διὰ
1227 1442 1363 1525 σονδρο·

260 1549 324 1628 μῆς
345 1541 551 1627 βασιλικῆς”
530 1565 651 1607 εκτιοεν
672 1544 717 1617 εἰς
738 1541 839 1624 αὐτην
861 1542 917 1626 τὴν
933 1540 1042 1626 χώραν
1065 1541 1142 1608 ναὸν
1161 1545 1217 1626 τῆς
1238 1539 1364 1623 drepa-

190 1706 198 1714 .
260 1649 331 1728 yios
353 1645 505 1708 θεοτόκοο
527 1640 715 1724 θαυμαστὸν
736 1642 790 1706 καί
808 1642 935 1725 ὡραῖον,
958 1641 1000 1717 uis
1022 1636 1143 1725 ἤθελεν.
1188 1635 1264 1725 ητον
1287 1643 1363 1726 δὲῆ

262 1743 355 1828 χώρα
380 1742 497 1828 σπήτια
519 1740 698 1808 terrassiam
723 1743 811 1825 δέκα,
834 1741 888 1806 και
908 1739 937 1806 oi
959 1733 1124 1824 ανθρωτιοι
1148 1737 1232 1818 ἄξιοί
1250 1765 1286 1806 τε
1309 1745 1363 1805 καὶ

262 1843 402 1927 dadosius
424 1844 477 1907 κατ’
489 1866 649 1928 εομορφοι
671 1867 723 1906 και
745 1837 924 1925 scytarum,
947 1868 999 1907 και
995 1840 1176 1924 ἐ’καμαν’
1161 1850 1281 1927 εκείνην
1307 1842 1403 1926 τὴνιρ

260 1945 370 2033 χώραν
391 1948 429 2010 soi
450 1937 525 2033 ᾔναι
538 1941 774 2026 σταυροτιήγιον
789 1946 1029 2028 αοτοδέοιιοτον,
1049 1969 1100 2009 και
1097 1939 1189 2008 ὅλοι
1210 1941 1239 2007 oi
1263 1947 1365 2008 ἐκεῖσε

262 2048 452 2130 Χριστιανοὶ
474 2043 719 2127 ου’τοδέστιοτοι,
750 2046 807 2108 καί
834 2043 966 2108 πάντοτε
987 1997 1108 2125 ἕτοιμοι
1130 2047 1175 2121 εἰς
1195 2040 1366 2127 βασιλικὰς

259 2148 384 2231 χρείας.
428 2143 457 2209 oi
488 2147 524 2209 di
555 2139 621 2208 ἅνω
654 2144 860 2226 μαχαλάδες,
893 2144 1126 2230 ἀναφερόμενοι
1147 2142 1264 2222 sistris
1287 2146 1366 2209 ναόν

260 2250 318 2312 τοῦ
339 2243 432 2329 ἆγιόο
452 2247 655 2330 Ἀθανασιόν,
677 2241 837 2309 ὑπέκειντο
861 2246 907 2320 εἰς
926 2246 981 2311 τὸν
1002 2249 1060 2311 τοῦ
1079 2244 1175 2311 τόπου
1198 2246 1364 2328 ἀρχιερέα,

235 2363 239 2368 “
263 2346 305 2424 ὥς
329 2349 384 2413 καί
404 2347 424 2431 ἦ
448 2346 542 2430 loru»)
567 2347 717 2431 ἐπαρχία.
772 2337 848 2431 ἦτον
871 2349 905 2413 δὲ
930 2339 1018 2413 οὗτοι
1036 2349 1094 2429 μὲν
1111 2347 1229 2429 orricio
1251 2342 1403 2421 inordrso

263 2446 465 2532 ὀγδοήκοντα,
488 2446 517 2511 oi
531 2450 573 2512 dd
593 2449 686 2530 κάτον,
708 2444 751 2523 οὖς
774 2446 913 2534 εἴπομεν,
936 2446 1118 2515 ἒννεακόσια
1144 2450 1229 2511 δέκα.
1266 2446 1364 2533 cipri·

264 2573 348 2634 ρωστ
369 2552 405 2613 dd
425 2546 447 2614 d¹
464 2548 562 2626 αι’τὸς
580 2548 733 2631 βασιλεὺς
754 2546 848 2614 τόπον
863 2552 1037 2639 ζτογαρίαν
1058 2546 1175 2613 εἴκοσιν
1195 2549 1240 2623 εἰς
1261 2572 1363 2632 γεωρ.

262 2655 356 2736 yios,
377 2648 432 2715 sci
451 2643 573 2733 μα’λοος
599 2649 680 2731 driu,
712 2649 793 2735 πρὸς
813 2650 969 2717 σύστασιν
996 2654 1052 2717 καί
1077 2652 1276 2737 ζαοτροφιάν
1301 2650 1363 2715 τῶν

265 2990 426 3054 Chaonitae,
446 2989 569 3043 homines
590 2989 694 3055 diserti,
710 2988 892 3059 magnanimi,
910 2989 1066 3061 prudentes,
1085 3006 1154 3061 quos
1174 3008 1234 3041 cum
1254 3007 1300 3057 rex
1321 2990 1361 3043 ri-

265 3063 364 3125 disset,
389 3061 592 3132 pulchritudine
614 3061 828 3185 etprudentia
825 3079 916 3113 eorum
935 3078 1098 3146 magnopere
1118 3063 1223 3130 gavisus
1248 3072 1306 3124 est,
1334 3071 1361 3114 et

264 3136 356 3189 statim
375 3141 437 3204 post
454 3141 510 3185 tres
530 3134 625 3186 dies‘'
607 3151 640 3185 ιιι
680 3150 776 3186 onoree
796 3134 905 3197 tribuit,
935 3143 965 3185 ut
984 3134 1206 3203 conspicerentur
1223 3151 1361 3203 principes

265 3207 338 3277 apud
357 3222 419 3257 eum
439 3213 467 3257 et
486 3206 514 3256 in
534 3204 610 3257 terris
629 3223 736 3268 eorum,
758 3214 785 3257 et
802 3205 874 3257 misit
892 3205 1138 3274 protospatharium
1156 3224 1231 3257 suum
1252 3206 1362 3275 praele-

253 3274 338 3330 ‘etum
364 3277 489 3329 omnibus
515 3276 571 3329 illis
599 3244 771 3345 regionibus,
791 3276 941 3340 didoniae‚
960 3277 1142 3341 Phoeniceae,
1160 3277 1311 3329 Chimariae
1336 3285 1362 3329 et

266 3348 392 3401 omnibns
414 3365 499 3433 usque
518 3348 553 3398 ad
572 3350 705 3400 dolonem
725 3358 754 3401 et
775 3316 941 3416 Belgrada'm:
957 3357 985 3401 et
1005 3366 1054 3417 per
1073 3364 1160 3402 annos
1181 3357 1284 3418 septem
1302 3350 1361 3401 loca

266 3438 300 3472 ex
318 3422 453 3472 sententia
471 3420 500 3470 in
519 3436 586 3489 pace
605 3420 744 3488 degerunt.
781 3421 810 3471 in
830 3420 918 3473 locum
937 3420 1036 3473 mortui
1065 3421 1276 3490 protospatharii
1296 3421 1363 3471 Ale·

264 3491 361 3544 xandri
383 3491 509 3543 successit
531 3492 724 3544 Constantinus
747 3492 941 3563 Drynopolita,
969 3510 1001 3543 ex
1024 3492 1090 3544 urbe
1111 3493 1246 3560 Lampobo
1266 3493 1362 3543 oriun-

266 3562 329 3624 dus,
361 3564 408 3633 qui
430 3564 497 3631 regis
523 3564 654 3614 auxilio
646 3580 675 3613 ιιι
695 3563 742 3613 illa
764 3570 833 3615 terra
852 3564 983 3633 templum
1003 3564 1187 3615 sanctissimae
1206 3564 1250 3614 dei
1271 3564 1362 3615 matris

266 3633 425 3687 admirabile
445 3644 473 3686 et
490 3634 631 3705 pulchrum
651 3651 684 3685 ex
702 3636 838 3686 sententia
858 3635 1020 3699 aedificavit,
1040 3643 1097 3688 erat
1116 3644 1204 3687 autern
1216 3634 1281 3687 urbs
1294 3653 1363 3687 non-

266 3713 405 3777 gentarum
426 3706 519 3758 decem
537 3705 686 3768 domorum,
705 3713 733 3757 et
751 3705 873 3758 homines
892 3722 992 3775 graves,
1011 3706 1105 3771 sortes,
1124 3705 1240 3777 pulchri,
1259 3707 1364 3769 diserti,

268 3786 297 3830 et
316 3780 472 3841 effecerunt,
493 3787 524 3829 ut
543 3788 613 3829 terra
632 3786 703 3829 esset
723 3780 923 3847 stauropegium
943 3780 1016 3845 (iure
1035 3778 1159 3847 figendae
1179 3778 1262 3830 crucis
1285 3795 1364 3848 prae·

269 3850 342 3920 dita)
362 3848 487 3912 liberum,
506 3857 533 3900 et
548 3866 639 3901 omnes
654 3849 691 3900 ibi
706 3848 859 3901 habitantes
874 3848 1020 3902 Christiani
1037 3849 1127 3914 liberi,
1147 3858 1230 3921 atquo
1248 3849 1282 3900 ad
1303 3867 1364 3900 usus

268 3922 336 3990 regis
347 3937 460 4007 semper
481 3923 606 3990 prompti.
644 3922 795 3990 superiores
821 3926 909 3973 autern
929 3930 1030 3991 partes,
1048 3921 1240 3973 adnumeratae
1260 3922 1362 3991 templo

268 3994 354 4046 sancti
373 3992 531 4056 Athanasii,
559 3993 611 4044 loci
632 3992 706 4043 illius
727 3992 932 4063 archiepiscopo
951 3992 1090 4044 subiectae
1109 4002 1203 4054 erant,
1233 4001 1264 4045 ut
1284 3996 1363 4044 etiam

206 4083 212 4107 ι
268 4066 408 4151 provincia
427 4071 525 4125 cetera,
544 4072 621 4116 erant
639 4068 729 4115 auteln
749 4063 799 4115 hae
821 4074 910 4133 partes
931 4062 1071 4116 domorum
1091 4073 1199 4117 centum
1217 4065 1364 4132 octoginta,

269 4138 414 4189 anteriores
434 4143 540 4199 autem,
568 4144 599 4188 ut
620 4135 753 4199 diximus,
775 4146 971 4205 nongentarum
992 4136 1095 4188 decem
1133 4136 1272 4189 dedicavit
1292 4135 1365 4189 idem

270 4224 318 4266 rex
336 4225 427 4281 agrum
447 4209 567 4279 iugerum
586 4208 684 4279 viginti
704 4208 739 4261 ad
758 4208 947 4279 agricultarum
966 4212 995 4264 et
1015 4208 1069 4263 duo
1087 4210 1212 4286 pistrina,
1234 4207 1270 4263 ed
1290 4222 1364 4263 sunr-
