<?xml version="1.0" encoding="UTF-8"?>
<!DOCTYPE html PUBLIC "-//W3C//DTD XHTML 1.0 Transitional//EN"
    "http://www.w3.org/TR/xhtml1/DTD/xhtml1-transitional.dtd">
<html xmlns="http://www.w3.org/1999/xhtml" xml:lang="en" lang="en">
 <head>
  <title>
</title>
<meta http-equiv="Content-Type" content="text/html;charset=utf-8" />
  <meta name='ocr-system' content='tesseract 3.04.00' />
  <meta name='ocr-capabilities' content='ocr_page ocr_carea ocr_par ocr_line ocrx_word'/>
</head>
<body>
  <div class='ocr_page' id='page_1' title='image "./historiapolitic01bekkgoog_0277.png"; bbox 0 0 2884 4775; ppageno 0'>
   <div class='ocr_carea' id='block_1_1' title="bbox 466 267 1192 361">
    <p class='ocr_par' dir='ltr' id='par_1_1' title="bbox 466 267 1192 361">
     <span class='ocr_line' id='line_1_1' title="bbox 466 267 1192 361; baseline -0.019 1"><span class='ocrx_word' id='word_1_1' title='bbox 466 288 754 361; x_wconf 72' lang='lat' dir='ltr'><strong><em>mariannan</em></strong></span> <span class='ocrx_word' id='word_1_2' title='bbox 781 293 836 360; x_wconf 78' lang='lat' dir='ltr'><strong><em>vr.</em></strong></span> <span class='ocrx_word' id='word_1_3' title='bbox 1117 267 1192 352; x_wconf 67' lang='grc' dir='ltr'><strong><em>εει</em></strong></span> 
     </span>
    </p>
   </div>
   <div class='ocr_carea' id='block_1_2' title="bbox 48 446 1199 2355">
    <p class='ocr_par' dir='ltr' id='par_1_2' title="bbox 192 446 1192 546">
     <span class='ocr_line' id='line_1_2' title="bbox 192 446 1192 546; baseline 0.001 -23"><span class='ocrx_word' id='word_1_4' title='bbox 192 454 313 523; x_wconf 75' lang='lat' dir='ltr'><strong>Tuitus</strong></span> <span class='ocrx_word' id='word_1_5' title='bbox 336 456 373 522; x_wconf 86' lang='grc' dir='ltr'><strong><em>δέ</em></strong></span> <span class='ocrx_word' id='word_1_6' title='bbox 392 452 447 522; x_wconf 87' lang='grc' dir='ltr'><strong><em>τόν</em></strong></span> <span class='ocrx_word' id='word_1_7' title='bbox 473 455 590 540; x_wconf 85' lang='grc' dir='ltr'><strong><em>χρόνον</em></strong></span> <span class='ocrx_word' id='word_1_8' title='bbox 621 456 722 545; x_wconf 69' lang='grc' dir='ltr'><strong><em>ἐδόθη</em></strong></span> <span class='ocrx_word' id='word_1_9' title='bbox 755 453 846 546; x_wconf 89' lang='grc' dir='ltr'><strong><em>φήμη</em></strong></span> <span class='ocrx_word' id='word_1_10' title='bbox 866 460 912 537; x_wconf 83' lang='grc' dir='ltr'><strong><em>είς</em></strong></span> <span class='ocrx_word' id='word_1_11' title='bbox 936 446 1135 541; x_wconf 65' lang='grc' dir='ltr'><strong><em>τὀνἍλβαν,</em></strong></span> <span class='ocrx_word' id='word_1_12' title='bbox 1158 447 1192 534; x_wconf 82' lang='grc' dir='ltr'><strong><em>ἐς</em></strong></span> 
     </span>
    </p>

    <p class='ocr_par' dir='ltr' id='par_1_3' title="bbox 48 546 1199 2355">
     <span class='ocr_line' id='line_1_3' title="bbox 57 546 1183 646; baseline 0.004 -25"><span class='ocrx_word' id='word_1_13' title='bbox 57 583 60 587; x_wconf 94' lang='grc'><em>·</em></span> <span class='ocrx_word' id='word_1_14' title='bbox 88 581 135 634; x_wconf 87' lang='grc' dir='ltr'><strong><em>τις</em></strong></span> <span class='ocrx_word' id='word_1_15' title='bbox 155 549 222 638; x_wconf 84' lang='grc' dir='ltr'><strong><em>εἶχε</em></strong></span> <span class='ocrx_word' id='word_1_16' title='bbox 242 559 340 622; x_wconf 89' lang='grc' dir='ltr'><strong><em>κτίσει</em></strong></span> <span class='ocrx_word' id='word_1_17' title='bbox 362 555 418 640; x_wconf 86' lang='grc' dir='ltr'><strong><em>τήν</em></strong></span> <span class='ocrx_word' id='word_1_18' title='bbox 434 551 659 642; x_wconf 84' lang='grc' dir='ltr'><strong><em>Ἀλβιοέπολιν</em></strong></span> <span class='ocrx_word' id='word_1_19' title='bbox 674 556 732 644; x_wconf 87' lang='grc' dir='ltr'><strong><em>τήν</em></strong></span> <span class='ocrx_word' id='word_1_20' title='bbox 754 562 811 626; x_wconf 80' lang='grc' dir='ltr'><strong><em>νῦν</em></strong></span> <span class='ocrx_word' id='word_1_21' title='bbox 824 563 993 646; x_wconf 75' lang='grc' dir='ltr'><em>λεγομένην</em></span> <span class='ocrx_word' id='word_1_22' title='bbox 1013 546 1183 644; x_wconf 77' lang='grc' dir='ltr'><strong><em>Ἀλβασιίίι</em></strong></span> 
     </span>
     <span class='ocr_line' id='line_1_4' title="bbox 89 653 1193 747; baseline 0.003 -24"><span class='ocrx_word' id='word_1_23' title='bbox 89 657 145 724; x_wconf 86' lang='grc' dir='ltr'><strong><em>καί</em></strong></span> <span class='ocrx_word' id='word_1_24' title='bbox 168 654 287 723; x_wconf 75' lang='grc' dir='ltr'><strong><em>ἔστειλε</em></strong></span> <span class='ocrx_word' id='word_1_25' title='bbox 307 657 346 724; x_wconf 75' lang='grc' dir='ltr'><strong><em>να</em></strong></span> <span class='ocrx_word' id='word_1_26' title='bbox 370 660 424 747; x_wconf 79' lang='grc' dir='ltr'><strong><em>ἰδῇ</em></strong></span> <span class='ocrx_word' id='word_1_27' title='bbox 444 661 480 725; x_wconf 91' lang='grc' dir='ltr'><strong><em>τί</em></strong></span> <span class='ocrx_word' id='word_1_28' title='bbox 493 665 581 744; x_wconf 74' lang='grc' dir='ltr'><strong><em>γένος</em></strong></span> <span class='ocrx_word' id='word_1_29' title='bbox 602 654 683 727; x_wconf 79' lang='grc' dir='ltr'><strong><em>εἶναι</em></strong></span> <span class='ocrx_word' id='word_1_30' title='bbox 704 664 817 727; x_wconf 83' lang='grc' dir='ltr'><strong><em>ἐκεῖνοι</em></strong></span> <span class='ocrx_word' id='word_1_31' title='bbox 839 657 868 728; x_wconf 77' lang='grc' dir='ltr'><strong><em>οἱ</em></strong></span> <span class='ocrx_word' id='word_1_32' title='bbox 889 659 1117 745; x_wconf 88' lang='grc' dir='ltr'><strong><em>νεοκατοίκητοι</em></strong></span> <span class='ocrx_word' id='word_1_33' title='bbox 1138 653 1193 726; x_wconf 76' lang='grc' dir='ltr'><strong><em>ἐν·</em></strong></span> 
     </span>
     <span class='ocr_line' id='line_1_5' title="bbox 90 749 1194 848; baseline 0.004 -26"><span class='ocrx_word' id='word_1_34' title='bbox 90 761 227 841; x_wconf 75' lang='grc' dir='ltr'><strong><em>θρανποι.</em></strong></span> <span class='ocrx_word' id='word_1_35' title='bbox 280 749 367 824; x_wconf 72' lang='grc' dir='ltr'><strong><em>οὗτοι</em></strong></span> <span class='ocrx_word' id='word_1_36' title='bbox 402 762 438 825; x_wconf 87' lang='grc' dir='ltr'><strong><em>δέ</em></strong></span> <span class='ocrx_word' id='word_1_37' title='bbox 465 758 521 825; x_wconf 78' lang='grc' dir='ltr'><strong><em>τὸν</em></strong></span> <span class='ocrx_word' id='word_1_38' title='bbox 548 760 768 846; x_wconf 70' lang='grc' dir='ltr'><strong><em>ἀπεκρίθησαν</em></strong></span> <span class='ocrx_word' id='word_1_39' title='bbox 795 762 854 847; x_wconf 89' lang='grc' dir='ltr'><strong><em>τήν</em></strong></span> <span class='ocrx_word' id='word_1_40' title='bbox 881 762 1036 848; x_wconf 79' lang='grc' dir='ltr'><strong><em>ιίλήθειαν</em></strong></span> <span class='ocrx_word' id='word_1_41' title='bbox 1067 764 1109 825; x_wconf 86' lang='grc' dir='ltr'><strong><em>δι’</em></strong></span> <span class='ocrx_word' id='word_1_42' title='bbox 1133 755 1194 826; x_wconf 78' lang='grc' dir='ltr'><strong><em>ὅσα</em></strong></span> 
     </span>
     <span class='ocr_line' id='line_1_6' title="bbox 63 858 1196 948; baseline 0.005 -26"><span class='ocrx_word' id='word_1_43' title='bbox 63 858 162 935; x_wconf 78' lang='grc' dir='ltr'><strong><em>ἐτοὺς</em></strong></span> <span class='ocrx_word' id='word_1_44' title='bbox 183 863 370 946; x_wconf 73' lang='grc' dir='ltr'><strong><em>συνέβησαν,</em></strong></span> <span class='ocrx_word' id='word_1_45' title='bbox 392 860 447 926; x_wconf 85' lang='grc' dir='ltr'><strong><em>καί</em></strong></span> <span class='ocrx_word' id='word_1_46' title='bbox 465 860 567 937; x_wconf 73' lang='grc' dir='ltr'><strong><em>είθύς</em></strong></span> <span class='ocrx_word' id='word_1_47' title='bbox 587 865 708 948; x_wconf 89' lang='grc' dir='ltr'><strong><em>ἐκίνησε</em></strong></span> <span class='ocrx_word' id='word_1_48' title='bbox 728 865 769 944; x_wconf 87' lang='grc' dir='ltr'><strong><em>μέ</em></strong></span> <span class='ocrx_word' id='word_1_49' title='bbox 781 862 913 947; x_wconf 85' lang='grc' dir='ltr'><strong><em>μερικόν</em></strong></span> <span class='ocrx_word' id='word_1_50' title='bbox 936 862 1120 945; x_wconf 79' lang='grc' dir='ltr'><strong><em>στράτευμα</em></strong></span> <span class='ocrx_word' id='word_1_51' title='bbox 1141 861 1196 928; x_wconf 85' lang='grc' dir='ltr'><strong><em>καί</em></strong></span> 
     </span>
     <span class='ocr_line' id='line_1_7' title="bbox 89 952 1195 1061; baseline 0.005 -38"><span class='ocrx_word' id='word_1_52' title='bbox 89 952 188 1042; x_wconf 75' lang='grc' dir='ltr'><strong><em>ήλθτν</em></strong></span> <span class='ocrx_word' id='word_1_53' title='bbox 211 957 340 1046; x_wconf 78' lang='grc' dir='ltr'><strong><em>α’ντικρέ</em></strong></span> <span class='ocrx_word' id='word_1_54' title='bbox 362 965 418 1046; x_wconf 80' lang='grc' dir='ltr'><strong><em>τῆς</em></strong></span> <span class='ocrx_word' id='word_1_55' title='bbox 431 958 657 1042; x_wconf 85' lang='grc' dir='ltr'><strong><em>Τιτουπέλεοος,</em></strong></span> <span class='ocrx_word' id='word_1_56' title='bbox 676 966 733 1061; x_wconf 84' lang='grc' dir='ltr'><strong><em>καί</em></strong></span> <span class='ocrx_word' id='word_1_57' title='bbox 751 961 884 1048; x_wconf 78' lang='grc' dir='ltr'><strong><em>ἐζήτησε</em></strong></span> <span class='ocrx_word' id='word_1_58' title='bbox 906 962 946 1028; x_wconf 75' lang='lat' dir='ltr'><strong><em>voi</em></strong></span> <span class='ocrx_word' id='word_1_59' title='bbox 967 964 1019 1052; x_wconf 76' lang='grc' dir='ltr'><strong><em>ἰδῇ</em></strong></span> <span class='ocrx_word' id='word_1_60' title='bbox 1040 963 1195 1048; x_wconf 82' lang='grc' dir='ltr'><strong><em>τὸνπραῖ·</em></strong></span> 
     </span>
     <span class='ocr_line' id='line_1_8' title="bbox 89 1059 1195 1146; baseline 0.002 -22"><span class='ocrx_word' id='word_1_61' title='bbox 89 1081 145 1124; x_wconf 92' lang='grc' dir='ltr'><strong><em>τον</em></strong></span> <span class='ocrx_word' id='word_1_62' title='bbox 176 1060 294 1126; x_wconf 69' lang='grc' dir='ltr'><strong><em>αὐτῶν.</em></strong></span> <span class='ocrx_word' id='word_1_63' title='bbox 346 1060 363 1124; x_wconf 79' lang='lat' dir='ltr'><strong>t</strong></span> <span class='ocrx_word' id='word_1_64' title='bbox 399 1063 434 1126; x_wconf 83' lang='grc' dir='ltr'><strong><em>δέ</em></strong></span> <span class='ocrx_word' id='word_1_65' title='bbox 460 1066 549 1136; x_wconf 84' lang='grc' dir='ltr'><strong><em>Τίτος</em></strong></span> <span class='ocrx_word' id='word_1_66' title='bbox 579 1064 732 1146; x_wconf 77' lang='grc' dir='ltr'><strong><em>ἐπέρασεν</em></strong></span> <span class='ocrx_word' id='word_1_67' title='bbox 760 1061 861 1138; x_wconf 71' lang='grc' dir='ltr'><strong><em>εὐθυς</em></strong></span> <span class='ocrx_word' id='word_1_68' title='bbox 891 1066 932 1145; x_wconf 83' lang='grc' dir='ltr'><strong><em>μέ</em></strong></span> <span class='ocrx_word' id='word_1_69' title='bbox 960 1059 1195 1144; x_wconf 80' lang='grc' dir='ltr'><strong><em>τεσσαράκοντα</em></strong></span> 
     </span>
     <span class='ocr_line' id='line_1_9' title="bbox 90 1151 1195 1247; baseline 0.002 -23"><span class='ocrx_word' id='word_1_70' title='bbox 90 1151 213 1243; x_wconf 79' lang='grc' dir='ltr'><strong><em>ἄνδρας</em></strong></span> <span class='ocrx_word' id='word_1_71' title='bbox 233 1161 397 1237; x_wconf 79' lang='grc' dir='ltr'><strong><em>ἐκλεκτοὺς</em></strong></span> <span class='ocrx_word' id='word_1_72' title='bbox 417 1165 473 1228; x_wconf 85' lang='grc' dir='ltr'><strong><em>καί</em></strong></span> <span class='ocrx_word' id='word_1_73' title='bbox 493 1161 649 1247; x_wconf 82' lang='grc' dir='ltr'><strong><em>οέραίους·</em></strong></span> <span class='ocrx_word' id='word_1_74' title='bbox 696 1161 751 1229; x_wconf 88' lang='grc' dir='ltr'><strong><em>καί</em></strong></span> <span class='ocrx_word' id='word_1_75' title='bbox 772 1161 814 1238; x_wconf 79' lang='grc' dir='ltr'><strong><em>(ἐς</em></strong></span> <span class='ocrx_word' id='word_1_76' title='bbox 833 1162 908 1241; x_wconf 81' lang='grc' dir='ltr'><strong><em>τούς</em></strong></span> <span class='ocrx_word' id='word_1_77' title='bbox 929 1155 1013 1228; x_wconf 80' lang='grc' dir='ltr'><strong><em>εἶδεν</em></strong></span> <span class='ocrx_word' id='word_1_78' title='bbox 1031 1161 1047 1226; x_wconf 85' lang='grc' dir='ltr'><strong><em>ἐ</em></strong></span> <span class='ocrx_word' id='word_1_79' title='bbox 1062 1154 1195 1245; x_wconf 72' lang='grc' dir='ltr'><strong><em>Ἄλβας,</em></strong></span> 
     </span>
     <span class='ocr_line' id='line_1_10' title="bbox 90 1258 1195 1350; baseline 0.003 -26"><span class='ocrx_word' id='word_1_80' title='bbox 90 1258 258 1340; x_wconf 71' lang='grc' dir='ltr'><strong><em>ἐθαύμασε</em></strong></span> <span class='ocrx_word' id='word_1_81' title='bbox 278 1260 335 1346; x_wconf 86' lang='grc' dir='ltr'><strong><em>τήν</em></strong></span> <span class='ocrx_word' id='word_1_82' title='bbox 363 1265 546 1350; x_wconf 85' lang='grc' dir='ltr'><strong><em>ου’μορφιάν</em></strong></span> <span class='ocrx_word' id='word_1_83' title='bbox 567 1268 628 1328; x_wconf 77' lang='lat' dir='ltr'><strong><em>auin</em></strong></span> <span class='ocrx_word' id='word_1_84' title='bbox 648 1265 791 1349; x_wconf 75' lang='grc' dir='ltr'><strong><em>ἀνδρῶν,</em></strong></span> <span class='ocrx_word' id='word_1_85' title='bbox 812 1267 867 1328; x_wconf 87' lang='grc' dir='ltr'><strong><em>καί</em></strong></span> <span class='ocrx_word' id='word_1_86' title='bbox 888 1265 1065 1345; x_wconf 73' lang='grc' dir='ltr'><strong><em>συνομιλῶν</em></strong></span> <span class='ocrx_word' id='word_1_87' title='bbox 1085 1258 1195 1345; x_wconf 79' lang='grc' dir='ltr'><strong><em>πολλοί,</em></strong></span> 
     </span>
     <span class='ocr_line' id='line_1_11' title="bbox 48 1355 1197 1449; baseline 0.003 -28"><span class='ocrx_word' id='word_1_88' title='bbox 48 1362 145 1424; x_wconf 74' lang='lat' dir='ltr'><strong>titani</strong></span> <span class='ocrx_word' id='word_1_89' title='bbox 166 1361 382 1445; x_wconf 73' lang='grc' dir='ltr'><strong><em>διηγουμένων</em></strong></span> <span class='ocrx_word' id='word_1_90' title='bbox 405 1365 510 1428; x_wconf 66' lang='lat' dir='ltr'><strong>atrata</strong></span> <span class='ocrx_word' id='word_1_91' title='bbox 539 1362 578 1428; x_wconf 85' lang='lat' dir='ltr'><strong><em>roi</em></strong></span> <span class='ocrx_word' id='word_1_92' title='bbox 613 1355 699 1428; x_wconf 73' lang='grc' dir='ltr'><strong><em>ἆθλα</em></strong></span> <span class='ocrx_word' id='word_1_93' title='bbox 720 1367 777 1449; x_wconf 79' lang='grc' dir='ltr'><strong><em>τῆς</em></strong></span> <span class='ocrx_word' id='word_1_94' title='bbox 806 1365 959 1447; x_wconf 84' lang='grc' dir='ltr'><strong><em>πατρίδος</em></strong></span> <span class='ocrx_word' id='word_1_95' title='bbox 979 1386 1052 1443; x_wconf 86' lang='grc' dir='ltr'><strong><em>των,</em></strong></span> <span class='ocrx_word' id='word_1_96' title='bbox 1074 1359 1197 1442; x_wconf 80' lang='grc' dir='ltr'><strong><em>ἔμεινεν</em></strong></span> 
     </span>
     <span class='ocr_line' id='line_1_12' title="bbox 90 1459 1197 1553; baseline 0 -27"><span class='ocrx_word' id='word_1_97' title='bbox 90 1463 280 1542; x_wconf 86' lang='grc' dir='ltr'><strong><em>ἐκστατικός,</em></strong></span> <span class='ocrx_word' id='word_1_98' title='bbox 297 1463 561 1548; x_wconf 78' lang='grc' dir='ltr'><strong><em>συλλογιζόμενος</em></strong></span> <span class='ocrx_word' id='word_1_99' title='bbox 583 1466 617 1529; x_wconf 89' lang='grc' dir='ltr'><strong><em>τί</em></strong></span> <span class='ocrx_word' id='word_1_100' title='bbox 636 1464 674 1529; x_wconf 80' lang='grc' dir='ltr'><strong><em>να</em></strong></span> <span class='ocrx_word' id='word_1_101' title='bbox 698 1467 798 1553; x_wconf 80' lang='grc' dir='ltr'><strong><em>κάμη,</em></strong></span> <span class='ocrx_word' id='word_1_102' title='bbox 824 1459 876 1529; x_wconf 75' lang='grc' dir='ltr'><strong><em>ὅτε</em></strong></span> <span class='ocrx_word' id='word_1_103' title='bbox 897 1466 1041 1550; x_wconf 75' lang='grc' dir='ltr'><strong><em>ἐφοβεῖτο</em></strong></span> <span class='ocrx_word' id='word_1_104' title='bbox 1062 1461 1107 1546; x_wconf 89' lang='grc' dir='ltr'><strong><em>μή</em></strong></span> <span class='ocrx_word' id='word_1_105' title='bbox 1130 1459 1197 1536; x_wconf 84' lang='grc' dir='ltr'><strong><em>ποές</em></strong></span> 
     </span>
     <span class='ocr_line' id='line_1_13' title="bbox 90 1559 1196 1649; baseline -0.004 -21"><span class='ocrx_word' id='word_1_106' title='bbox 90 1586 165 1628; x_wconf 87' lang='grc' dir='ltr'><strong><em>ποτε</em></strong></span> <span class='ocrx_word' id='word_1_107' title='bbox 184 1559 304 1649; x_wconf 76' lang='grc' dir='ltr'><strong><em>ἤθελον</em></strong></span> <span class='ocrx_word' id='word_1_108' title='bbox 326 1567 498 1649; x_wconf 73' lang='grc' dir='ltr'><strong><em>πληθυνθή</em></strong></span> <span class='ocrx_word' id='word_1_109' title='bbox 524 1568 579 1629; x_wconf 84' lang='grc' dir='ltr'><strong><em>καί</em></strong></span> <span class='ocrx_word' id='word_1_110' title='bbox 610 1565 763 1644; x_wconf 70' lang='grc' dir='ltr'><strong><em>ὑποτάξει</em></strong></span> <span class='ocrx_word' id='word_1_111' title='bbox 796 1563 871 1642; x_wconf 69' lang='grc' dir='ltr'><strong><em>τοὺς</em></strong></span> <span class='ocrx_word' id='word_1_112' title='bbox 901 1561 1018 1639; x_wconf 81' lang='grc' dir='ltr'><strong><em>τόπους</em></strong></span> <span class='ocrx_word' id='word_1_113' title='bbox 1037 1586 1103 1628; x_wconf 90' lang='grc' dir='ltr'><strong><em>τοο.</em></strong></span> <span class='ocrx_word' id='word_1_114' title='bbox 1127 1561 1196 1625; x_wconf 78' lang='grc' dir='ltr'><strong><em>ἀλλ’</em></strong></span> 
     </span>
     <span class='ocr_line' id='line_1_14' title="bbox 91 1660 1197 1751; baseline -0.005 -21"><span class='ocrx_word' id='word_1_115' title='bbox 91 1660 135 1740; x_wconf 79' lang='grc' dir='ltr'><strong><em>(ἐς</em></strong></span> <span class='ocrx_word' id='word_1_116' title='bbox 158 1664 312 1751; x_wconf 87' lang='grc' dir='ltr'><strong><em>φρόνιμος</em></strong></span> <span class='ocrx_word' id='word_1_117' title='bbox 333 1664 350 1729; x_wconf 82' lang='grc' dir='ltr'>ὁ</span> <span class='ocrx_word' id='word_1_118' title='bbox 378 1669 466 1741; x_wconf 82' lang='grc' dir='ltr'><strong><em>Τίτος</em></strong></span> <span class='ocrx_word' id='word_1_119' title='bbox 488 1662 662 1748; x_wconf 75' lang='grc' dir='ltr'><strong><em>ἐκοτείλοβε</em></strong></span> <span class='ocrx_word' id='word_1_120' title='bbox 696 1665 751 1731; x_wconf 89' lang='grc' dir='ltr'><strong><em>τὸν</em></strong></span> <span class='ocrx_word' id='word_1_121' title='bbox 778 1665 963 1748; x_wconf 86' lang='grc' dir='ltr'><strong><em>στοχασμόν</em></strong></span> <span class='ocrx_word' id='word_1_122' title='bbox 985 1687 1054 1745; x_wconf 87' lang='grc' dir='ltr'><strong><em>του,</em></strong></span> <span class='ocrx_word' id='word_1_123' title='bbox 1069 1664 1124 1729; x_wconf 86' lang='grc' dir='ltr'><strong><em>καί</em></strong></span> <span class='ocrx_word' id='word_1_124' title='bbox 1143 1661 1197 1726; x_wconf 82' lang='grc' dir='ltr'><strong><em>τὸν</em></strong></span> 
     </span>
     <span class='ocr_line' id='line_1_15' title="bbox 92 1759 1198 1852; baseline -0.002 -22"><span class='ocrx_word' id='word_1_125' title='bbox 92 1766 251 1852; x_wconf 72' lang='grc' dir='ltr'><strong><em>α’πεκρίέίη</em></strong></span> <span class='ocrx_word' id='word_1_126' title='bbox 273 1771 314 1848; x_wconf 85' lang='grc' dir='ltr'><strong><em>μέ</em></strong></span> <span class='ocrx_word' id='word_1_127' title='bbox 334 1767 444 1851; x_wconf 75' lang='grc' dir='ltr'><strong><em>λόγους</em></strong></span> <span class='ocrx_word' id='word_1_128' title='bbox 473 1764 630 1844; x_wconf 77' lang='grc' dir='ltr'><strong><em>πιθανοδς</em></strong></span> <span class='ocrx_word' id='word_1_129' title='bbox 663 1768 747 1847; x_wconf 89' lang='grc' dir='ltr'><strong><em>ποτέ,</em></strong></span> <span class='ocrx_word' id='word_1_130' title='bbox 770 1770 868 1852; x_wconf 77' lang='grc' dir='ltr'><strong><em>λέγοον</em></strong></span> <span class='ocrx_word' id='word_1_131' title='bbox 891 1759 939 1831; x_wconf 74' lang='lat' dir='ltr'><strong><em>“ui</em></strong></span> <span class='ocrx_word' id='word_1_132' title='bbox 960 1759 1108 1850; x_wconf 77' lang='grc' dir='ltr'><strong><em>ἐγασητέ,</em></strong></span> <span class='ocrx_word' id='word_1_133' title='bbox 1132 1763 1198 1847; x_wconf 86' lang='grc' dir='ltr'><strong><em>μήν</em></strong></span> 
     </span>
     <span class='ocr_line' id='line_1_16' title="bbox 48 1860 1198 1951; baseline -0.005 -17"><span class='ocrx_word' id='word_1_134' title='bbox 48 1882 83 1936; x_wconf 78' lang='grc'><strong><em>15</em></strong></span> <span class='ocrx_word' id='word_1_135' title='bbox 93 1864 148 1951; x_wconf 82' lang='grc' dir='ltr'><strong><em>ἔχε</em></strong></span> <span class='ocrx_word' id='word_1_136' title='bbox 169 1869 310 1932; x_wconf 83' lang='grc' dir='ltr'><strong><em>τοιοῦτον</em></strong></span> <span class='ocrx_word' id='word_1_137' title='bbox 332 1865 557 1950; x_wconf 80' lang='grc' dir='ltr'><strong><em>συλλογισμόν,</em></strong></span> <span class='ocrx_word' id='word_1_138' title='bbox 582 1860 630 1932; x_wconf 80' lang='grc' dir='ltr'><strong><em>ὅτι</em></strong></span> <span class='ocrx_word' id='word_1_139' title='bbox 649 1865 764 1949; x_wconf 60' lang='lat' dir='ltr'><strong>attissa</strong></span> <span class='ocrx_word' id='word_1_140' title='bbox 793 1870 873 1946; x_wconf 84' lang='grc' dir='ltr'><strong><em>ξένοι</em></strong></span> <span class='ocrx_word' id='word_1_141' title='bbox 893 1869 948 1930; x_wconf 84' lang='grc' dir='ltr'><strong><em>καί</em></strong></span> <span class='ocrx_word' id='word_1_142' title='bbox 968 1867 1023 1950; x_wconf 83' lang='grc' dir='ltr'><strong><em>τῆς</em></strong></span> <span class='ocrx_word' id='word_1_143' title='bbox 1045 1863 1198 1949; x_wconf 79' lang='grc' dir='ltr'><strong><em>φιλτάτης</em></strong></span> 
     </span>
     <span class='ocr_line' id='line_1_17' title="bbox 91 1961 1198 2054; baseline -0.009 -19"><span class='ocrx_word' id='word_1_144' title='bbox 91 1992 157 2054; x_wconf 88' lang='grc' dir='ltr'><strong><em>μας</em></strong></span> <span class='ocrx_word' id='word_1_145' title='bbox 179 1969 331 2052; x_wconf 80' lang='grc' dir='ltr'><strong><em>πατρίδος</em></strong></span> <span class='ocrx_word' id='word_1_146' title='bbox 352 1969 520 2052; x_wconf 80' lang='grc' dir='ltr'><strong><em>ἐξόριστον,</em></strong></span> <span class='ocrx_word' id='word_1_147' title='bbox 542 1971 597 2032; x_wconf 89' lang='grc' dir='ltr'><strong><em>καί</em></strong></span> <span class='ocrx_word' id='word_1_148' title='bbox 616 1964 900 2051; x_wconf 73' lang='grc' dir='ltr'><strong><em>ἐπαρακαλέσάμεν</em></strong></span> <span class='ocrx_word' id='word_1_149' title='bbox 927 1963 983 2032; x_wconf 88' lang='grc' dir='ltr'><strong><em>τόν</em></strong></span> <span class='ocrx_word' id='word_1_150' title='bbox 1002 1961 1079 2029; x_wconf 80' lang='grc' dir='ltr'><strong><em>θεόν</em></strong></span> <span class='ocrx_word' id='word_1_151' title='bbox 1098 1966 1198 2029; x_wconf 80' lang='grc' dir='ltr'><strong><em>Πᾶνα</em></strong></span> 
     </span>
     <span class='ocr_line' id='line_1_18' title="bbox 93 2055 1199 2157; baseline -0.009 -21"><span class='ocrx_word' id='word_1_152' title='bbox 93 2077 132 2136; x_wconf 79' lang='grc' dir='ltr'><strong><em>να</em></strong></span> <span class='ocrx_word' id='word_1_153' title='bbox 152 2074 216 2154; x_wconf 83' lang='grc' dir='ltr'><strong><em>μοῖς</em></strong></span> <span class='ocrx_word' id='word_1_154' title='bbox 238 2065 418 2157; x_wconf 67' lang='grc' dir='ltr'><strong><em>καταστήσῃ</em></strong></span> <span class='ocrx_word' id='word_1_155' title='bbox 444 2071 490 2144; x_wconf 87' lang='grc' dir='ltr'><strong><em>είς</em></strong></span> <span class='ocrx_word' id='word_1_156' title='bbox 516 2067 616 2133; x_wconf 64' lang='grc' dir='ltr'><strong><em>«τόπον</em></strong></span> <span class='ocrx_word' id='word_1_157' title='bbox 637 2064 802 2154; x_wconf 80' lang='grc' dir='ltr'><strong><em>εἰρηνικόν.</em></strong></span> <span class='ocrx_word' id='word_1_158' title='bbox 858 2062 944 2149; x_wconf 81' lang='grc' dir='ltr'><strong><em>ὅμως</em></strong></span> <span class='ocrx_word' id='word_1_159' title='bbox 971 2055 1011 2131; x_wconf 70' lang='grc' dir='ltr'><strong><em>ἐν</em></strong></span> <span class='ocrx_word' id='word_1_160' title='bbox 1031 2089 1080 2142; x_wconf 87' lang='grc' dir='ltr'><strong><em>τις</em></strong></span> <span class='ocrx_word' id='word_1_161' title='bbox 1100 2055 1199 2149; x_wconf 75' lang='grc' dir='ltr'><strong><em>ήθελε</em></strong></span> 
     </span>
     <span class='ocr_line' id='line_1_19' title="bbox 93 2161 1199 2256; baseline -0.009 -18"><span class='ocrx_word' id='word_1_162' title='bbox 93 2174 157 2255; x_wconf 76' lang='grc' dir='ltr'><strong><em>μᾶς</em></strong></span> <span class='ocrx_word' id='word_1_163' title='bbox 180 2173 292 2256; x_wconf 76' lang='grc' dir='ltr'><strong><em>ἐμμίξει</em></strong></span> <span class='ocrx_word' id='word_1_164' title='bbox 311 2174 412 2255; x_wconf 84' lang='grc' dir='ltr'><strong><em>χωρίς</em></strong></span> <span class='ocrx_word' id='word_1_165' title='bbox 434 2167 546 2254; x_wconf 86' lang='grc' dir='ltr'><strong><em>αἴτιον,</em></strong></span> <span class='ocrx_word' id='word_1_166' title='bbox 569 2169 641 2235; x_wconf 85' lang='grc' dir='ltr'><strong><em>τότε</em></strong></span> <span class='ocrx_word' id='word_1_167' title='bbox 653 2170 791 2253; x_wconf 76' lang='grc' dir='ltr'><strong><em>βαίνομεν</em></strong></span> <span class='ocrx_word' id='word_1_168' title='bbox 813 2169 868 2254; x_wconf 86' lang='grc' dir='ltr'><strong><em>τήν</em></strong></span> <span class='ocrx_word' id='word_1_169' title='bbox 880 2168 963 2255; x_wconf 83' lang='grc' dir='ltr'><strong><em>ζωήν</em></strong></span> <span class='ocrx_word' id='word_1_170' title='bbox 983 2193 1046 2252; x_wconf 83' lang='grc' dir='ltr'><strong><em>μσς</em></strong></span> <span class='ocrx_word' id='word_1_171' title='bbox 1067 2168 1113 2242; x_wconf 82' lang='grc' dir='ltr'><strong><em>εἰς</em></strong></span> <span class='ocrx_word' id='word_1_172' title='bbox 1133 2161 1199 2229; x_wconf 67' lang='grc' dir='ltr'><strong><em>θοὶὲ</em></strong></span> 
     </span>
     <span class='ocr_line' id='line_1_20' title="bbox 95 2265 1198 2355; baseline -0.007 -17"><span class='ocrx_word' id='word_1_173' title='bbox 95 2298 199 2354; x_wconf 87' lang='grc' dir='ltr'><strong><em>νατον,</em></strong></span> <span class='ocrx_word' id='word_1_174' title='bbox 234 2268 278 2348; x_wconf 69' lang='grc' dir='ltr'><strong><em>οἷς</em></strong></span> <span class='ocrx_word' id='word_1_175' title='bbox 307 2270 463 2355; x_wconf 82' lang='grc' dir='ltr'><strong><em>ἐξόριστοι</em></strong></span> <span class='ocrx_word' id='word_1_176' title='bbox 493 2271 549 2334; x_wconf 88' lang='grc' dir='ltr'><strong><em>καί</em></strong></span> <span class='ocrx_word' id='word_1_177' title='bbox 581 2270 842 2354; x_wconf 84' lang='grc' dir='ltr'><strong><em>α’νιηλπισμένοι.”</em></strong></span> <span class='ocrx_word' id='word_1_178' title='bbox 899 2269 1038 2345; x_wconf 78' lang='grc' dir='ltr'><strong><em>α’κούσας</em></strong></span> <span class='ocrx_word' id='word_1_179' title='bbox 1058 2265 1198 2334; x_wconf 77' lang='grc' dir='ltr'><strong><em>τοῦτοί</em></strong></span> 
     </span>
    </p>
   </div>
   <div class='ocr_carea' id='block_1_3' title="bbox 48 2347 1201 2765">
    <p class='ocr_par' dir='ltr' id='par_1_4' title="bbox 48 2347 1201 2765">
     <span class='ocr_line' id='line_1_21' title="bbox 48 2347 1201 2459; baseline -0.01 -15"><span class='ocrx_word' id='word_1_180' title='bbox 48 2367 211 2456; x_wconf 64' lang='grc' dir='ltr'><strong><em>δυ”Αλβας</em></strong></span> <span class='ocrx_word' id='word_1_181' title='bbox 248 2374 359 2441; x_wconf 86' lang='grc' dir='ltr'><strong><em>ἐπίασε</em></strong></span> <span class='ocrx_word' id='word_1_182' title='bbox 391 2372 448 2438; x_wconf 83' lang='grc' dir='ltr'><strong><em>τὸν</em></strong></span> <span class='ocrx_word' id='word_1_183' title='bbox 479 2378 571 2439; x_wconf 81' lang='grc' dir='ltr'><strong><em>Τίτον</em></strong></span> <span class='ocrx_word' id='word_1_184' title='bbox 597 2371 652 2438; x_wconf 88' lang='grc' dir='ltr'><strong><em>καί</em></strong></span> <span class='ocrx_word' id='word_1_185' title='bbox 670 2369 726 2438; x_wconf 81' lang='grc' dir='ltr'><strong><em>το“ν</em></strong></span> <span class='ocrx_word' id='word_1_186' title='bbox 746 2374 878 2459; x_wconf 87' lang='grc' dir='ltr'><strong><em>ἐφίλησε</em></strong></span> <span class='ocrx_word' id='word_1_187' title='bbox 901 2347 991 2455; x_wconf 71' lang='lat' dir='ltr'><strong><em>rpr&#39;c,l</em></strong></span> <span class='ocrx_word' id='word_1_188' title='bbox 1007 2374 1105 2455; x_wconf 78' lang='grc' dir='ltr'><strong><em>λέγων</em></strong></span> <span class='ocrx_word' id='word_1_189' title='bbox 1126 2369 1201 2433; x_wconf 78' lang='lat' dir='ltr'>“nni</span> 
     </span>
     <span class='ocr_line' id='line_1_22' title="bbox 95 2467 1200 2561; baseline -0.005 -20"><span class='ocrx_word' id='word_1_190' title='bbox 95 2474 157 2560; x_wconf 73' lang='grc' dir='ltr'><strong><em>ἐμοί</em></strong></span> <span class='ocrx_word' id='word_1_191' title='bbox 179 2475 307 2561; x_wconf 78' lang='grc' dir='ltr'><strong><em>εἰρήνην</em></strong></span> <span class='ocrx_word' id='word_1_192' title='bbox 330 2478 416 2540; x_wconf 75' lang='grc' dir='ltr'><strong><em>θέλοο</em></strong></span> <span class='ocrx_word' id='word_1_193' title='bbox 448 2480 485 2557; x_wconf 85' lang='grc' dir='ltr'><strong><em>μ’</em></strong></span> <span class='ocrx_word' id='word_1_194' title='bbox 504 2477 601 2557; x_wconf 80' lang='grc' dir='ltr'><strong><em>ἐσοῑς,</em></strong></span> <span class='ocrx_word' id='word_1_195' title='bbox 624 2477 680 2539; x_wconf 87' lang='grc' dir='ltr'><strong><em>καί</em></strong></span> <span class='ocrx_word' id='word_1_196' title='bbox 699 2473 841 2557; x_wconf 77' lang='grc' dir='ltr'><strong><em>μάλιστα</em></strong></span> <span class='ocrx_word' id='word_1_197' title='bbox 863 2474 917 2539; x_wconf 76' lang='lat' dir='ltr'><strong>ritui</strong></span> <span class='ocrx_word' id='word_1_198' title='bbox 940 2470 999 2558; x_wconf 86' lang='grc' dir='ltr'><strong><em>τήν</em></strong></span> <span class='ocrx_word' id='word_1_199' title='bbox 1019 2467 1200 2559; x_wconf 71' lang='grc' dir='ltr'><strong><em>εὐμορφίαν</em></strong></span> 
     </span>
     <span class='ocr_line' id='line_1_23' title="bbox 95 2570 1199 2662; baseline -0.005 -21"><span class='ocrx_word' id='word_1_200' title='bbox 95 2582 151 2644; x_wconf 81' lang='grc' dir='ltr'><strong><em>κατ’</em></strong></span> <span class='ocrx_word' id='word_1_201' title='bbox 171 2576 364 2661; x_wconf 76' lang='grc' dir='ltr'><strong><em>είμλωττίαν</em></strong></span> <span class='ocrx_word' id='word_1_202' title='bbox 389 2601 450 2653; x_wconf 87' lang='grc' dir='ltr'><strong><em>σας</em></strong></span> <span class='ocrx_word' id='word_1_203' title='bbox 469 2580 555 2642; x_wconf 68' lang='lat' dir='ltr'><strong>utta</strong></span> <span class='ocrx_word' id='word_1_204' title='bbox 578 2578 683 2662; x_wconf 83' lang='grc' dir='ltr'><strong><em>α’κόμη</em></strong></span> <span class='ocrx_word' id='word_1_205' title='bbox 716 2574 755 2640; x_wconf 78' lang='lat' dir='ltr'><strong><em>vri</em></strong></span> <span class='ocrx_word' id='word_1_206' title='bbox 777 2578 836 2657; x_wconf 88' lang='grc' dir='ltr'><strong><em>μοί</em></strong></span> <span class='ocrx_word' id='word_1_207' title='bbox 858 2571 976 2661; x_wconf 75' lang='grc' dir='ltr'><strong><em>δείσητε</em></strong></span> <span class='ocrx_word' id='word_1_208' title='bbox 998 2580 1083 2658; x_wconf 81' lang='grc' dir='ltr'><strong><em>τρεῖς</em></strong></span> <span class='ocrx_word' id='word_1_209' title='bbox 1102 2570 1199 2656; x_wconf 86' lang='grc' dir='ltr'><strong><em>κορα-</em></strong></span> 
     </span>
     <span class='ocr_line' id='line_1_24' title="bbox 95 2666 1200 2765; baseline -0.005 -21"><span class='ocrx_word' id='word_1_210' title='bbox 95 2680 188 2756; x_wconf 86' lang='grc' dir='ltr'><strong><em>σίδας</em></strong></span> <span class='ocrx_word' id='word_1_211' title='bbox 210 2675 269 2754; x_wconf 77' lang='grc' dir='ltr'><strong><em>τὰς</em></strong></span> <span class='ocrx_word' id='word_1_212' title='bbox 296 2678 517 2764; x_wconf 83' lang='grc' dir='ltr'><strong><em>ἐκλεκτοτέρας</em></strong></span> <span class='ocrx_word' id='word_1_213' title='bbox 541 2677 597 2744; x_wconf 88' lang='grc' dir='ltr'><strong><em>καί</em></strong></span> <span class='ocrx_word' id='word_1_214' title='bbox 627 2686 714 2765; x_wconf 75' lang='grc' dir='ltr'><strong><em>τρεῖς</em></strong></span> <span class='ocrx_word' id='word_1_215' title='bbox 735 2666 825 2753; x_wconf 84' lang='grc' dir='ltr'><strong><em>νέους</em></strong></span> <span class='ocrx_word' id='word_1_216' title='bbox 855 2674 890 2741; x_wconf 87' lang='grc' dir='ltr'><strong><em>ἐκ</em></strong></span> <span class='ocrx_word' id='word_1_217' title='bbox 919 2678 977 2743; x_wconf 79' lang='grc' dir='ltr'><strong><em>τοῦ</em></strong></span> <span class='ocrx_word' id='word_1_218' title='bbox 998 2677 1108 2759; x_wconf 76' lang='grc' dir='ltr'><strong><em>γένους</em></strong></span> <span class='ocrx_word' id='word_1_219' title='bbox 1126 2698 1200 2755; x_wconf 89' lang='grc' dir='ltr'><strong><em>σας,</em></strong></span> 
     </span>
    </p>
   </div>
   <div class='ocr_carea' id='block_1_4' title="bbox 98 2985 1217 3133">
    <p class='ocr_par' dir='ltr' id='par_1_5' title="bbox 98 2985 1217 3133">
     <span class='ocr_line' id='line_1_25' title="bbox 203 2985 1217 3060; baseline -0.002 -19"><span class='ocrx_word' id='word_1_220' title='bbox 203 2989 259 3043; x_wconf 83' lang='lat' dir='ltr'><strong>lloc</strong></span> <span class='ocrx_word' id='word_1_221' title='bbox 281 2997 372 3043; x_wconf 85' lang='lat' dir='ltr'><strong>autem</strong></span> <span class='ocrx_word' id='word_1_222' title='bbox 393 2998 515 3060; x_wconf 83' lang='lat' dir='ltr'><strong>tempore</strong></span> <span class='ocrx_word' id='word_1_223' title='bbox 534 2990 605 3041; x_wconf 82' lang='lat' dir='ltr'><strong><em>sama</em></strong></span> <span class='ocrx_word' id='word_1_224' title='bbox 624 2988 658 3040; x_wconf 88' lang='lat' dir='ltr'><strong><em>ad</em></strong></span> <span class='ocrx_word' id='word_1_225' title='bbox 678 2986 775 3039; x_wconf 80' lang='lat' dir='ltr'><strong>Albam</strong></span> <span class='ocrx_word' id='word_1_226' title='bbox 794 2986 885 3039; x_wconf 87' lang='lat' dir='ltr'><strong>delata</strong></span> <span class='ocrx_word' id='word_1_227' title='bbox 904 2995 953 3049; x_wconf 86' lang='lat' dir='ltr'><strong>est,</strong></span> <span class='ocrx_word' id='word_1_228' title='bbox 972 2986 1021 3057; x_wconf 90' lang='lat' dir='ltr'><strong><em>qui</em></strong></span> <span class='ocrx_word' id='word_1_229' title='bbox 1041 2985 1217 3039; x_wconf 30' lang='lat' dir='ltr'><strong>condiderat*</strong></span> 
     </span>
     <span class='ocr_line' id='line_1_26' title="bbox 98 3055 1201 3133; baseline -0.005 -18"><span class='ocrx_word' id='word_1_230' title='bbox 98 3060 276 3132; x_wconf 87' lang='lat' dir='ltr'><strong>lllbiopolirn‚</strong></span> <span class='ocrx_word' id='word_1_231' title='bbox 300 3078 370 3133; x_wconf 87' lang='lat' dir='ltr'><strong>quae</strong></span> <span class='ocrx_word' id='word_1_232' title='bbox 390 3078 463 3114; x_wconf 87' lang='lat' dir='ltr'><strong><em>nunc</em></strong></span> <span class='ocrx_word' id='word_1_233' title='bbox 482 3069 594 3112; x_wconf 81' lang='lat' dir='ltr'><strong>vocatur</strong></span> <span class='ocrx_word' id='word_1_234' title='bbox 615 3060 759 3124; x_wconf 78' lang='lat' dir='ltr'><strong>Albasani,</strong></span> <span class='ocrx_word' id='word_1_235' title='bbox 779 3067 807 3110; x_wconf 86' lang='lat' dir='ltr'><strong>et</strong></span> <span class='ocrx_word' id='word_1_236' title='bbox 826 3059 898 3110; x_wconf 85' lang='lat' dir='ltr'><strong>misit</strong></span> <span class='ocrx_word' id='word_1_237' title='bbox 915 3055 1068 3130; x_wconf 87' lang='lat' dir='ltr'><strong>quendam,</strong></span> <span class='ocrx_word' id='word_1_238' title='bbox 1096 3065 1126 3111; x_wconf 91' lang='lat' dir='ltr'><strong>ut</strong></span> <span class='ocrx_word' id='word_1_239' title='bbox 1152 3073 1201 3110; x_wconf 85' lang='lat' dir='ltr'><strong><em>co·</em></strong></span> 
     </span>
    </p>
   </div>
   <div class='ocr_carea' id='block_1_5' title="bbox 97 3130 1278 3203">
    <p class='ocr_par' dir='ltr' id='par_1_6' title="bbox 97 3130 1278 3203">
     <span class='ocr_line' id='line_1_27' title="bbox 97 3130 1278 3203; baseline -0.003 -18"><span class='ocrx_word' id='word_1_240' title='bbox 97 3142 246 3203; x_wconf 76' lang='lat' dir='ltr'><strong>gnosceret,</strong></span> <span class='ocrx_word' id='word_1_241' title='bbox 261 3134 329 3203; x_wconf 81' lang='lat' dir='ltr'>qnid</span> <span class='ocrx_word' id='word_1_242' title='bbox 340 3134 447 3202; x_wconf 75' lang='lat' dir='ltr'><strong>generis</strong></span> <span class='ocrx_word' id='word_1_243' title='bbox 467 3138 559 3183; x_wconf 83' lang='lat' dir='ltr'><strong>esseut</strong></span> <span class='ocrx_word' id='word_1_244' title='bbox 576 3131 618 3182; x_wconf 89' lang='lat' dir='ltr'><strong>illl</strong></span> <span class='ocrx_word' id='word_1_245' title='bbox 638 3131 769 3193; x_wconf 84' lang='lat' dir='ltr'><strong><em>advenae,</em></strong></span> <span class='ocrx_word' id='word_1_246' title='bbox 788 3130 923 3182; x_wconf 83' lang='lat' dir='ltr'><strong>hiantem</strong></span> <span class='ocrx_word' id='word_1_247' title='bbox 942 3130 968 3182; x_wconf 91' lang='lat' dir='ltr'><strong><em>ei</em></strong></span> <span class='ocrx_word' id='word_1_248' title='bbox 985 3146 1201 3199; x_wconf 82' lang='lat' dir='ltr'><strong>vorumrespon-</strong></span> <span class='ocrx_word' id='word_1_249' title='bbox 1268 3156 1278 3169; x_wconf 78' lang='lat'>=</span> 
     </span>
    </p>
   </div>
   <div class='ocr_carea' id='block_1_6' title="bbox 97 3202 1200 3988">
    <p class='ocr_par' dir='ltr' id='par_1_7' title="bbox 97 3202 1200 3988">
     <span class='ocr_line' id='line_1_28' title="bbox 98 3202 1199 3273; baseline -0.004 -16"><span class='ocrx_word' id='word_1_250' title='bbox 98 3207 198 3257; x_wconf 74' lang='lat' dir='ltr'><strong>(lerunt</strong></span> <span class='ocrx_word' id='word_1_251' title='bbox 215 3205 249 3255; x_wconf 84' lang='lat' dir='ltr'><strong><em>de</em></strong></span> <span class='ocrx_word' id='word_1_252' title='bbox 272 3206 316 3267; x_wconf 82' lang='lat' dir='ltr'><strong>iit,</strong></span> <span class='ocrx_word' id='word_1_253' title='bbox 335 3220 406 3273; x_wconf 81' lang='lat' dir='ltr'><strong>quae</strong></span> <span class='ocrx_word' id='word_1_254' title='bbox 427 3204 459 3253; x_wconf 84' lang='lat' dir='ltr'><strong><em>iis</em></strong></span> <span class='ocrx_word' id='word_1_255' title='bbox 478 3202 643 3267; x_wconf 81' lang='lat' dir='ltr'><strong>acciderant,</strong></span> <span class='ocrx_word' id='word_1_256' title='bbox 662 3205 809 3272; x_wconf 76' lang='lat' dir='ltr'><strong>statimque</strong></span> <span class='ocrx_word' id='word_1_257' title='bbox 829 3202 876 3253; x_wconf 89' lang='lat' dir='ltr'><strong>ille</strong></span> <span class='ocrx_word' id='word_1_258' title='bbox 895 3219 954 3253; x_wconf 86' lang='lat' dir='ltr'><strong><em>enm</em></strong></span> <span class='ocrx_word' id='word_1_259' title='bbox 975 3210 1052 3271; x_wconf 83' lang='lat' dir='ltr'><strong>parte</strong></span> <span class='ocrx_word' id='word_1_260' title='bbox 1065 3203 1199 3253; x_wconf 80' lang='lat' dir='ltr'><strong>exercitur</strong></span> 
     </span>
     <span class='ocr_line' id='line_1_29' title="bbox 99 3268 1200 3345; baseline -0.005 -16"><span class='ocrx_word' id='word_1_261' title='bbox 99 3292 222 3345; x_wconf 78' lang='lat' dir='ltr'><strong>egressus</strong></span> <span class='ocrx_word' id='word_1_262' title='bbox 243 3283 306 3327; x_wconf 82' lang='lat' dir='ltr'><strong>ante</strong></span> <span class='ocrx_word' id='word_1_263' title='bbox 324 3274 474 3343; x_wconf 87' lang='lat' dir='ltr'><strong>Titopulim</strong></span> <span class='ocrx_word' id='word_1_264' title='bbox 494 3275 584 3336; x_wconf 81' lang='lat' dir='ltr'><strong>venit,</strong></span> <span class='ocrx_word' id='word_1_265' title='bbox 605 3282 632 3325; x_wconf 88' lang='lat' dir='ltr'><strong>et</strong></span> <span class='ocrx_word' id='word_1_266' title='bbox 652 3274 765 3343; x_wconf 80' lang='lat' dir='ltr'><strong>petivit,</strong></span> <span class='ocrx_word' id='word_1_267' title='bbox 786 3281 816 3324; x_wconf 93' lang='lat' dir='ltr'><strong>ut</strong></span> <span class='ocrx_word' id='word_1_268' title='bbox 839 3274 987 3343; x_wconf 77' lang='lat' dir='ltr'>principem</span> <span class='ocrx_word' id='word_1_269' title='bbox 1007 3286 1102 3325; x_wconf 86' lang='lat' dir='ltr'><strong>eorum</strong></span> <span class='ocrx_word' id='word_1_270' title='bbox 1121 3268 1200 3325; x_wconf 74' lang='grc' dir='ltr'><strong><em>εἰδο-</em></strong></span> 
     </span>
     <span class='ocr_line' id='line_1_30' title="bbox 98 3342 1200 3415; baseline -0.003 -15"><span class='ocrx_word' id='word_1_271' title='bbox 98 3357 148 3411; x_wconf 77' lang='lat' dir='ltr'><strong>ret,</strong></span> <span class='ocrx_word' id='word_1_272' title='bbox 166 3349 247 3399; x_wconf 85' lang='lat' dir='ltr'><strong>Titus</strong></span> <span class='ocrx_word' id='word_1_273' title='bbox 266 3354 357 3400; x_wconf 87' lang='lat' dir='ltr'><strong>autem</strong></span> <span class='ocrx_word' id='word_1_274' title='bbox 376 3363 435 3397; x_wconf 87' lang='lat' dir='ltr'><strong><em>cum</em></strong></span> <span class='ocrx_word' id='word_1_275' title='bbox 456 3346 633 3415; x_wconf 80' lang='lat' dir='ltr'><strong>qnadraginta</strong></span> <span class='ocrx_word' id='word_1_276' title='bbox 648 3342 804 3397; x_wconf 87' lang='lat' dir='ltr'><strong>hominibus</strong></span> <span class='ocrx_word' id='word_1_277' title='bbox 823 3344 937 3397; x_wconf 85' lang='lat' dir='ltr'><strong>delectis</strong></span> <span class='ocrx_word' id='word_1_278' title='bbox 956 3354 984 3397; x_wconf 85' lang='lat' dir='ltr'><strong>et</strong></span> <span class='ocrx_word' id='word_1_279' title='bbox 1005 3343 1124 3413; x_wconf 85' lang='lat' dir='ltr'><strong>pulchris</strong></span> <span class='ocrx_word' id='word_1_280' title='bbox 1144 3352 1200 3397; x_wconf 89' lang='lat' dir='ltr'><strong>sta·</strong></span> 
     </span>
     <span class='ocr_line' id='line_1_31' title="bbox 97 3415 1198 3488; baseline -0.004 -16"><span class='ocrx_word' id='word_1_281' title='bbox 97 3422 145 3473; x_wconf 88' lang='lat' dir='ltr'><strong>tim</strong></span> <span class='ocrx_word' id='word_1_282' title='bbox 164 3419 287 3483; x_wconf 79' lang='lat' dir='ltr'><strong>advenit3</strong></span> <span class='ocrx_word' id='word_1_283' title='bbox 307 3434 452 3488; x_wconf 86' lang='lat' dir='ltr'><strong>quoscum</strong></span> <span class='ocrx_word' id='word_1_284' title='bbox 475 3417 554 3469; x_wconf 78' lang='lat' dir='ltr'><strong>Albas</strong></span> <span class='ocrx_word' id='word_1_285' title='bbox 570 3416 684 3479; x_wconf 81' lang='lat' dir='ltr'><strong>videret,</strong></span> <span class='ocrx_word' id='word_1_286' title='bbox 704 3415 934 3485; x_wconf 83' lang='lat' dir='ltr'><strong>pulchritudinem</strong></span> <span class='ocrx_word' id='word_1_287' title='bbox 954 3417 1092 3469; x_wconf 84' lang='lat' dir='ltr'><strong>hominum</strong></span> <span class='ocrx_word' id='word_1_288' title='bbox 1111 3415 1198 3469; x_wconf 81' lang='lat' dir='ltr'><strong>adrni-</strong></span> 
     </span>
     <span class='ocr_line' id='line_1_32' title="bbox 97 3488 1199 3559; baseline -0.002 -18"><span class='ocrx_word' id='word_1_289' title='bbox 97 3499 172 3542; x_wconf 84' lang='lat' dir='ltr'><strong>ratus</strong></span> <span class='ocrx_word' id='word_1_290' title='bbox 195 3498 246 3553; x_wconf 87' lang='lat' dir='ltr'><strong>est,</strong></span> <span class='ocrx_word' id='word_1_291' title='bbox 265 3497 293 3540; x_wconf 84' lang='lat' dir='ltr'><strong>et</strong></span> <span class='ocrx_word' id='word_1_292' title='bbox 310 3505 371 3540; x_wconf 85' lang='lat' dir='ltr'><strong><em>eum</em></strong></span> <span class='ocrx_word' id='word_1_293' title='bbox 388 3489 551 3541; x_wconf 76' lang='lat' dir='ltr'><strong>multarum</strong></span> <span class='ocrx_word' id='word_1_294' title='bbox 573 3489 606 3540; x_wconf 84' lang='lat' dir='ltr'><strong><em>iis</em></strong></span> <span class='ocrx_word' id='word_1_295' title='bbox 627 3488 847 3559; x_wconf 82' lang='lat' dir='ltr'><strong>colloqueretur,</strong></span> <span class='ocrx_word' id='word_1_296' title='bbox 867 3489 964 3559; x_wconf 87' lang='lat' dir='ltr'><strong>illique</strong></span> <span class='ocrx_word' id='word_1_297' title='bbox 983 3488 1129 3539; x_wconf 86' lang='lat' dir='ltr'><strong>certamina</strong></span> <span class='ocrx_word' id='word_1_298' title='bbox 1149 3505 1199 3557; x_wconf 88' lang='lat' dir='ltr'><strong><em>pa·</em></strong></span> 
     </span>
     <span class='ocr_line' id='line_1_33' title="bbox 97 3558 1199 3630; baseline -0.001 -17"><span class='ocrx_word' id='word_1_299' title='bbox 97 3563 166 3614; x_wconf 86' lang='lat' dir='ltr'><strong>triae</strong></span> <span class='ocrx_word' id='word_1_300' title='bbox 186 3577 251 3611; x_wconf 85' lang='lat' dir='ltr'><strong>auae</strong></span> <span class='ocrx_word' id='word_1_301' title='bbox 270 3570 419 3624; x_wconf 78' lang='lat' dir='ltr'>narrarent,</span> <span class='ocrx_word' id='word_1_302' title='bbox 437 3559 592 3630; x_wconf 70' lang='lat' dir='ltr'><strong>obstupuit,</strong></span> <span class='ocrx_word' id='word_1_303' title='bbox 612 3577 702 3612; x_wconf 82' lang='lat' dir='ltr'><strong>recum</strong></span> <span class='ocrx_word' id='word_1_304' title='bbox 724 3569 868 3628; x_wconf 85' lang='lat' dir='ltr'><strong>reputans,</strong></span> <span class='ocrx_word' id='word_1_305' title='bbox 894 3558 959 3629; x_wconf 88' lang='lat' dir='ltr'><strong>quid</strong></span> <span class='ocrx_word' id='word_1_306' title='bbox 981 3558 1098 3611; x_wconf 82' lang='lat' dir='ltr'><strong>lauturus</strong></span> <span class='ocrx_word' id='word_1_307' title='bbox 1119 3567 1199 3624; x_wconf 83' lang='lat' dir='ltr'><strong>esset,</strong></span> 
     </span>
     <span class='ocr_line' id='line_1_34' title="bbox 97 3630 1198 3703; baseline -0.001 -20"><span class='ocrx_word' id='word_1_308' title='bbox 97 3634 162 3703; x_wconf 91' lang='lat' dir='ltr'><strong>quia</strong></span> <span class='ocrx_word' id='word_1_309' title='bbox 181 3631 337 3693; x_wconf 75' lang='lat' dir='ltr'><strong>metuebat,</strong></span> <span class='ocrx_word' id='word_1_310' title='bbox 362 3649 397 3683; x_wconf 87' lang='lat' dir='ltr'><strong><em>ne</em></strong></span> <span class='ocrx_word' id='word_1_311' title='bbox 421 3631 531 3702; x_wconf 85' lang='lat' dir='ltr'><strong><em>qnando</em></strong></span> <span class='ocrx_word' id='word_1_312' title='bbox 555 3632 630 3683; x_wconf 81' lang='lat' dir='ltr'><strong>aucti</strong></span> <span class='ocrx_word' id='word_1_313' title='bbox 657 3632 716 3683; x_wconf 85' lang='lat' dir='ltr'><strong>loca</strong></span> <span class='ocrx_word' id='word_1_314' title='bbox 739 3631 872 3683; x_wconf 82' lang='lat' dir='ltr'><strong>subiicere</strong></span> <span class='ocrx_word' id='word_1_315' title='bbox 900 3630 1012 3683; x_wconf 84' lang='lat' dir='ltr'><strong>vellent.</strong></span> <span class='ocrx_word' id='word_1_316' title='bbox 1043 3630 1091 3681; x_wconf 89' lang='lat' dir='ltr'><strong><em>sed</em></strong></span> <span class='ocrx_word' id='word_1_317' title='bbox 1110 3630 1198 3694; x_wconf 81' lang='lat' dir='ltr'><strong>Titus,</strong></span> 
     </span>
     <span class='ocr_line' id='line_1_35' title="bbox 98 3700 1198 3775; baseline 0 -22"><span class='ocrx_word' id='word_1_318' title='bbox 98 3720 151 3775; x_wconf 86' lang='lat' dir='ltr'><strong><em>qua</em></strong></span> <span class='ocrx_word' id='word_1_319' title='bbox 171 3711 229 3754; x_wconf 87' lang='lat' dir='ltr'><strong>erat</strong></span> <span class='ocrx_word' id='word_1_320' title='bbox 247 3702 402 3772; x_wconf 85' lang='lat' dir='ltr'><strong>prudentia,</strong></span> <span class='ocrx_word' id='word_1_321' title='bbox 423 3705 482 3754; x_wconf 84' lang='lat' dir='ltr'><strong>eius</strong></span> <span class='ocrx_word' id='word_1_322' title='bbox 501 3704 644 3754; x_wconf 84' lang='lat' dir='ltr'><strong>consilium</strong></span> <span class='ocrx_word' id='word_1_323' title='bbox 663 3702 862 3763; x_wconf 82' lang='lat' dir='ltr'><strong>animadvertit,</strong></span> <span class='ocrx_word' id='word_1_324' title='bbox 877 3701 958 3770; x_wconf 87' lang='lat' dir='ltr'><strong>eique</strong></span> <span class='ocrx_word' id='word_1_325' title='bbox 978 3700 1065 3754; x_wconf 83' lang='lat' dir='ltr'><strong>verbis</strong></span> <span class='ocrx_word' id='word_1_326' title='bbox 1086 3700 1198 3770; x_wconf 79' lang='lat' dir='ltr'><strong>placidis</strong></span> 
     </span>
     <span class='ocr_line' id='line_1_36' title="bbox 97 3773 1198 3845; baseline -0.002 -20"><span class='ocrx_word' id='word_1_327' title='bbox 97 3774 254 3844; x_wconf 83' lang='lat' dir='ltr'><strong>respondit,</strong></span> <span class='ocrx_word' id='word_1_328' title='bbox 272 3773 420 3843; x_wconf 90' lang='lat' dir='ltr'><strong>aliquando</strong></span> <span class='ocrx_word' id='word_1_329' title='bbox 439 3774 565 3838; x_wconf 84' lang='lat' dir='ltr'><strong>tandem,</strong></span> <span class='ocrx_word' id='word_1_330' title='bbox 584 3775 692 3845; x_wconf 85' lang='lat' dir='ltr'><strong>inquit,</strong></span> <span class='ocrx_word' id='word_1_331' title='bbox 711 3774 864 3836; x_wconf 71' lang='lat' dir='ltr'><strong><em>carissime,</em></strong></span> <span class='ocrx_word' id='word_1_332' title='bbox 883 3781 972 3825; x_wconf 87' lang='lat' dir='ltr'><strong>tecum</strong></span> <span class='ocrx_word' id='word_1_333' title='bbox 994 3780 1120 3842; x_wconf 84' lang='lat' dir='ltr'><strong>reputes,</strong></span> <span class='ocrx_word' id='word_1_334' title='bbox 1148 3789 1198 3824; x_wconf 87' lang='lat' dir='ltr'><strong><em>nos</em></strong></span> 
     </span>
     <span class='ocr_line' id='line_1_37' title="bbox 98 3842 1196 3915; baseline -0.003 -18"><span class='ocrx_word' id='word_1_335' title='bbox 98 3863 155 3897; x_wconf 84' lang='lat' dir='ltr'><strong>esse</strong></span> <span class='ocrx_word' id='word_1_336' title='bbox 174 3846 330 3915; x_wconf 74' lang='lat' dir='ltr'><strong>peregrinos</strong></span> <span class='ocrx_word' id='word_1_337' title='bbox 350 3852 378 3896; x_wconf 87' lang='lat' dir='ltr'><strong>et</strong></span> <span class='ocrx_word' id='word_1_338' title='bbox 396 3846 485 3915; x_wconf 87' lang='lat' dir='ltr'><strong>patria</strong></span> <span class='ocrx_word' id='word_1_339' title='bbox 503 3854 594 3897; x_wconf 86' lang='lat' dir='ltr'><strong>nostra</strong></span> <span class='ocrx_word' id='word_1_340' title='bbox 612 3846 748 3897; x_wconf 84' lang='lat' dir='ltr'><strong>carissima</strong></span> <span class='ocrx_word' id='word_1_341' title='bbox 769 3845 896 3913; x_wconf 82' lang='lat' dir='ltr'><strong>expulsos</strong></span> <span class='ocrx_word' id='word_1_342' title='bbox 916 3861 1020 3915; x_wconf 84' lang='lat' dir='ltr'><strong>nosque</strong></span> <span class='ocrx_word' id='word_1_343' title='bbox 1034 3845 1104 3895; x_wconf 86' lang='lat' dir='ltr'><strong><em>Pana</em></strong></span> <span class='ocrx_word' id='word_1_344' title='bbox 1118 3842 1196 3895; x_wconf 82' lang='lat' dir='ltr'><strong>deum</strong></span> 
     </span>
     <span class='ocr_line' id='line_1_38' title="bbox 98 3914 1197 3988; baseline -0.004 -20"><span class='ocrx_word' id='word_1_345' title='bbox 98 3916 253 3979; x_wconf 81' lang='lat' dir='ltr'><strong>advocasse,</strong></span> <span class='ocrx_word' id='word_1_346' title='bbox 272 3924 303 3969; x_wconf 87' lang='lat' dir='ltr'><strong>ut</strong></span> <span class='ocrx_word' id='word_1_347' title='bbox 322 3919 500 3969; x_wconf 78' lang='lat' dir='ltr'><strong><em>constitueret</em></strong></span> <span class='ocrx_word' id='word_1_348' title='bbox 517 3933 566 3969; x_wconf 85' lang='lat' dir='ltr'><strong><em>nos</em></strong></span> <span class='ocrx_word' id='word_1_349' title='bbox 588 3918 732 3969; x_wconf 88' lang='lat' dir='ltr'><strong>interram</strong></span> <span class='ocrx_word' id='word_1_350' title='bbox 751 3925 882 3988; x_wconf 85' lang='lat' dir='ltr'><strong>pacatam.</strong></span> <span class='ocrx_word' id='word_1_351' title='bbox 909 3924 998 3967; x_wconf 86' lang='lat' dir='ltr'><strong>tumen</strong></span> <span class='ocrx_word' id='word_1_352' title='bbox 1017 3917 1039 3967; x_wconf 86' lang='lat' dir='ltr'><strong><em>sl</em></strong></span> <span class='ocrx_word' id='word_1_353' title='bbox 1059 3916 1120 3985; x_wconf 88' lang='lat' dir='ltr'><strong>quis</strong></span> <span class='ocrx_word' id='word_1_354' title='bbox 1139 3914 1197 3965; x_wconf 83' lang='lat' dir='ltr'><strong>siue</strong></span> 
     </span>
    </p>
   </div>
   <div class='ocr_carea' id='block_1_7' title="bbox 101 3985 1301 4057">
    <p class='ocr_par' dir='ltr' id='par_1_8' title="bbox 101 3985 1301 4057">
     <span class='ocr_line' id='line_1_39' title="bbox 101 3985 1301 4057; baseline -0.003 -18"><span class='ocrx_word' id='word_1_355' title='bbox 101 4004 249 4039; x_wconf 71' lang='lat' dir='ltr'><strong>causarios</strong></span> <span class='ocrx_word' id='word_1_356' title='bbox 275 4003 373 4039; x_wconf 82' lang='lat' dir='ltr'><strong>vexare</strong></span> <span class='ocrx_word' id='word_1_357' title='bbox 402 3988 486 4050; x_wconf 82' lang='lat' dir='ltr'><strong>velit,</strong></span> <span class='ocrx_word' id='word_1_358' title='bbox 517 3996 573 4040; x_wconf 87' lang='lat' dir='ltr'><strong>tum</strong></span> <span class='ocrx_word' id='word_1_359' title='bbox 602 3990 684 4041; x_wconf 85' lang='lat' dir='ltr'><strong>vitam</strong></span> <span class='ocrx_word' id='word_1_360' title='bbox 711 3997 830 4041; x_wconf 87' lang='lat' dir='ltr'><strong>nostram</strong></span> <span class='ocrx_word' id='word_1_361' title='bbox 853 3987 1029 4039; x_wconf 79' lang='lat' dir='ltr'><strong>defendemus</strong></span> <span class='ocrx_word' id='word_1_362' title='bbox 1058 3985 1197 4057; x_wconf 85' lang='lat' dir='ltr'><strong>usquead</strong></span> <span class='ocrx_word' id='word_1_363' title='bbox 1298 4046 1301 4052; x_wconf 20' lang='grc' dir='ltr'>Ι</span> 
     </span>
    </p>
   </div>
   <div class='ocr_carea' id='block_1_8' title="bbox 73 4056 1196 4205">
    <p class='ocr_par' dir='ltr' id='par_1_9' title="bbox 73 4056 1196 4205">
     <span class='ocr_line' id='line_1_40' title="bbox 98 4056 1196 4129; baseline -0.005 -17"><span class='ocrx_word' id='word_1_364' title='bbox 98 4069 223 4123; x_wconf 84' lang='lat' dir='ltr'><strong>mortem,</strong></span> <span class='ocrx_word' id='word_1_365' title='bbox 244 4066 275 4109; x_wconf 90' lang='lat' dir='ltr'><strong>ut</strong></span> <span class='ocrx_word' id='word_1_366' title='bbox 295 4058 401 4128; x_wconf 74' lang='lat' dir='ltr'><strong>expulsi</strong></span> <span class='ocrx_word' id='word_1_367' title='bbox 420 4068 448 4111; x_wconf 91' lang='lat' dir='ltr'><strong>et</strong></span> <span class='ocrx_word' id='word_1_368' title='bbox 469 4059 652 4128; x_wconf 83' lang='lat' dir='ltr'><strong>desperantes.</strong></span> <span class='ocrx_word' id='word_1_369' title='bbox 689 4072 760 4129; x_wconf 86' lang='lat' dir='ltr'><strong><em>qnae</em></strong></span> <span class='ocrx_word' id='word_1_370' title='bbox 780 4076 839 4111; x_wconf 82' lang='lat' dir='ltr'><strong><em>cum</em></strong></span> <span class='ocrx_word' id='word_1_371' title='bbox 859 4058 1008 4110; x_wconf 76' lang='lat' dir='ltr'><strong>audivisset</strong></span> <span class='ocrx_word' id='word_1_372' title='bbox 1028 4056 1120 4119; x_wconf 79' lang='lat' dir='ltr'><strong>Albas,</strong></span> <span class='ocrx_word' id='word_1_373' title='bbox 1139 4072 1196 4108; x_wconf 88' lang='lat' dir='ltr'><strong><em>arn·</em></strong></span> 
     </span>
     <span class='ocr_line' id='line_1_41' title="bbox 73 4126 1196 4205; baseline -0.002 -22"><span class='ocrx_word' id='word_1_374' title='bbox 73 4194 79 4205; x_wconf 22' lang='lat'>⁹</span> <span class='ocrx_word' id='word_1_375' title='bbox 98 4132 223 4203; x_wconf 72' lang='lat' dir='ltr'><strong>planatus</strong></span> <span class='ocrx_word' id='word_1_376' title='bbox 240 4132 333 4184; x_wconf 86' lang='lat' dir='ltr'><strong>Titum</strong></span> <span class='ocrx_word' id='word_1_377' title='bbox 355 4138 396 4181; x_wconf 82' lang='lat' dir='ltr'><strong>ter</strong></span> <span class='ocrx_word' id='word_1_378' title='bbox 415 4140 455 4183; x_wconf 84' lang='lat' dir='ltr'><strong>est</strong></span> <span class='ocrx_word' id='word_1_379' title='bbox 474 4132 628 4195; x_wconf 77' lang='lat' dir='ltr'><strong>osculetur,</strong></span> <span class='ocrx_word' id='word_1_380' title='bbox 647 4140 692 4196; x_wconf 85' lang='lat' dir='ltr'><strong>et,</strong></span> <span class='ocrx_word' id='word_1_381' title='bbox 721 4147 769 4201; x_wconf 82' lang='lat' dir='ltr'><strong><em>ego</em></strong></span> <span class='ocrx_word' id='word_1_382' title='bbox 788 4146 908 4202; x_wconf 83' lang='lat' dir='ltr'><strong>quoque,</strong></span> <span class='ocrx_word' id='word_1_383' title='bbox 928 4130 1037 4202; x_wconf 88' lang='lat' dir='ltr'><strong>inquit,</strong></span> <span class='ocrx_word' id='word_1_384' title='bbox 1057 4126 1196 4181; x_wconf 72' lang='lat' dir='ltr'><strong>rotiacum</strong></span> 
     </span>
    </p>
   </div>
   <div class='ocr_carea' id='block_1_9' title="bbox 98 4199 1196 4293">
    <p class='ocr_par' dir='ltr' id='par_1_10' title="bbox 98 4199 1196 4293">
     <span class='ocr_line' id='line_1_42' title="bbox 98 4199 1196 4293; baseline -0.002 -36"><span class='ocrx_word' id='word_1_385' title='bbox 98 4218 196 4275; x_wconf 77' lang='lat' dir='ltr'><strong>patrna</strong></span> <span class='ocrx_word' id='word_1_386' title='bbox 210 4203 344 4262; x_wconf 77' lang='lat' dir='ltr'><strong>sustinere</strong></span> <span class='ocrx_word' id='word_1_387' title='bbox 360 4203 442 4270; x_wconf 79' lang='lat' dir='ltr'><strong>volo,</strong></span> <span class='ocrx_word' id='word_1_388' title='bbox 470 4212 499 4257; x_wconf 85' lang='lat' dir='ltr'><strong>et</strong></span> <span class='ocrx_word' id='word_1_389' title='bbox 523 4204 670 4277; x_wconf 71' lang='lat' dir='ltr'><strong><em>praecipue</em></strong></span> <span class='ocrx_word' id='word_1_390' title='bbox 695 4210 810 4293; x_wconf 72' lang='lat' dir='ltr'><strong>propter</strong></span> <span class='ocrx_word' id='word_1_391' title='bbox 836 4200 1069 4276; x_wconf 79' lang='lat' dir='ltr'><strong>pulchritudinem</strong></span> <span class='ocrx_word' id='word_1_392' title='bbox 1088 4208 1117 4258; x_wconf 80' lang='lat' dir='ltr'><strong>et</strong></span> <span class='ocrx_word' id='word_1_393' title='bbox 1134 4199 1196 4255; x_wconf 80' lang='lat' dir='ltr'><strong>alo·</strong></span> 
     </span>
    </p>
   </div>
   <div class='ocr_carea' id='block_1_10' title="bbox 0 1 1454 4775">
    <p class='ocr_par' dir='ltr' id='par_1_11' title="bbox 0 1 1454 4775">
     <span class='ocr_line' id='line_1_43' title="bbox 0 1 1454 4775; baseline 0 0"><span class='ocrx_word' id='word_1_394' title='bbox 0 1 1454 4775; x_wconf 95' lang='lat' dir='ltr'><strong><em> </em></strong></span> 
     </span>
    </p>
   </div>
  </div>
 </body>
</html>
