<?xml version="1.0" encoding="UTF-8"?>
<!DOCTYPE html PUBLIC "-//W3C//DTD XHTML 1.0 Transitional//EN"
    "http://www.w3.org/TR/xhtml1/DTD/xhtml1-transitional.dtd">
<html xmlns="http://www.w3.org/1999/xhtml" xml:lang="en" lang="en">
 <head>
  <title>
</title>
<meta http-equiv="Content-Type" content="text/html;charset=utf-8" />
  <meta name='ocr-system' content='tesseract 3.04.00' />
  <meta name='ocr-capabilities' content='ocr_page ocr_carea ocr_par ocr_line ocrx_word'/>
</head>
<body>
  <div class='ocr_page' id='page_1' title='image "./historiapolitic01bekkgoog_0111.png"; bbox 0 0 2884 4775; ppageno 0'>
   <div class='ocr_carea' id='block_1_1' title="bbox 581 37 592 73">
    <p class='ocr_par' dir='ltr' id='par_1_1' title="bbox 581 37 592 73">
     <span class='ocr_line' id='line_1_1' title="bbox 581 37 592 73; baseline 0 0"><span class='ocrx_word' id='word_1_1' title='bbox 581 37 592 73; x_wconf 71' lang='lat' dir='ltr'><strong>i</strong></span> 
     </span>
    </p>
   </div>
   <div class='ocr_carea' id='block_1_2' title="bbox 432 194 1231 322">
    <p class='ocr_par' dir='ltr' id='par_1_2' title="bbox 432 194 1231 322">
     <span class='ocr_line' id='line_1_2' title="bbox 432 194 1231 322; baseline 0.003 -24"><span class='ocrx_word' id='word_1_2' title='bbox 432 266 436 270; x_wconf 16' lang='lat' dir='ltr'>Q</span> <span class='ocrx_word' id='word_1_3' title='bbox 487 233 806 301; x_wconf 74' lang='lat' dir='ltr'><strong>namrmcmcs.</strong></span> <span class='ocrx_word' id='word_1_4' title='bbox 1072 194 1074 201; x_wconf 70' lang='grc'><strong>’</strong></span> <span class='ocrx_word' id='word_1_5' title='bbox 1123 236 1189 301; x_wconf 80' lang='grc' dir='ltr'><strong>τοι</strong></span> <span class='ocrx_word' id='word_1_6' title='bbox 1210 246 1231 322; x_wconf 64' lang='lat' dir='ltr'>f</span> 
     </span>
    </p>
   </div>
   <div class='ocr_carea' id='block_1_3' title="bbox 65 394 1259 1378">
    <p class='ocr_par' dir='ltr' id='par_1_3' title="bbox 100 394 1195 782">
     <span class='ocr_line' id='line_1_3' title="bbox 178 394 1195 485; baseline 0 -20"><span class='ocrx_word' id='word_1_7' title='bbox 178 394 333 472; x_wconf 78' lang='grc' dir='ltr'><strong><em>Ἀκούσας</em></strong></span> <span class='ocrx_word' id='word_1_8' title='bbox 351 401 386 462; x_wconf 81' lang='grc' dir='ltr'><strong>δὲ</strong></span> <span class='ocrx_word' id='word_1_9' title='bbox 407 395 423 461; x_wconf 87' lang='grc' dir='ltr'><strong><em>ό</em></strong></span> <span class='ocrx_word' id='word_1_10' title='bbox 444 400 614 475; x_wconf 87' lang='grc' dir='ltr'><strong><em>σσολτάνος</em></strong></span> <span class='ocrx_word' id='word_1_11' title='bbox 634 401 689 464; x_wconf 87' lang='grc' dir='ltr'><strong><em>καί</em></strong></span> <span class='ocrx_word' id='word_1_12' title='bbox 708 400 725 464; x_wconf 86' lang='grc' dir='ltr'><strong><em>δ</em></strong></span> <span class='ocrx_word' id='word_1_13' title='bbox 757 404 872 475; x_wconf 83' lang='grc' dir='ltr'><strong><em>πασιτῖς</em></strong></span> <span class='ocrx_word' id='word_1_14' title='bbox 892 398 948 463; x_wconf 88' lang='grc' dir='ltr'><strong>τόν</strong></span> <span class='ocrx_word' id='word_1_15' title='bbox 969 401 1118 485; x_wconf 72' lang='grc' dir='ltr'><strong>ἐξαίφνης</strong></span> <span class='ocrx_word' id='word_1_16' title='bbox 1140 404 1195 466; x_wconf 86' lang='grc' dir='ltr'><strong><em>καί</em></strong></span> 
     </span>
     <span class='ocr_line' id='line_1_4' title="bbox 102 485 1194 586; baseline 0 -24"><span class='ocrx_word' id='word_1_17' title='bbox 102 499 240 586; x_wconf 82' lang='grc' dir='ltr'><strong><em>φοβερόν</em></strong></span> <span class='ocrx_word' id='word_1_18' title='bbox 261 498 397 562; x_wconf 86' lang='grc' dir='ltr'><strong><em>θάνατον</em></strong></span> <span class='ocrx_word' id='word_1_19' title='bbox 416 502 474 564; x_wconf 88' lang='grc' dir='ltr'><strong>τοῦ</strong></span> <span class='ocrx_word' id='word_1_20' title='bbox 496 485 595 563; x_wconf 71' lang='grc' dir='ltr'><strong><em>αῦτοῦ</em></strong></span> <span class='ocrx_word' id='word_1_21' title='bbox 624 499 914 583; x_wconf 82' lang='grc' dir='ltr'><strong><em>πρωτοβεστιαρίου</em></strong></span> <span class='ocrx_word' id='word_1_22' title='bbox 937 500 1127 577; x_wconf 81' lang='grc' dir='ltr'><strong><em>ἐθαῦμασαν</em></strong></span> <span class='ocrx_word' id='word_1_23' title='bbox 1149 504 1194 575; x_wconf 76' lang='grc' dir='ltr'><strong>είς</strong></span> 
     </span>
     <span class='ocr_line' id='line_1_5' title="bbox 100 592 1195 686; baseline 0.001 -22"><span class='ocrx_word' id='word_1_24' title='bbox 100 602 205 679; x_wconf 81' lang='grc' dir='ltr'><strong><em>τοῦτο,</em></strong></span> <span class='ocrx_word' id='word_1_25' title='bbox 226 599 281 661; x_wconf 89' lang='grc' dir='ltr'><strong><em>καί</em></strong></span> <span class='ocrx_word' id='word_1_26' title='bbox 297 599 472 682; x_wconf 74' lang='grc' dir='ltr'><strong><em>ἐγνώρισαν</em></strong></span> <span class='ocrx_word' id='word_1_27' title='bbox 492 594 542 661; x_wconf 83' lang='grc' dir='ltr'><strong><em>ότι</em></strong></span> <span class='ocrx_word' id='word_1_28' title='bbox 564 592 640 681; x_wconf 73' lang='grc' dir='ltr'><strong><em>ἦτον</em></strong></span> <span class='ocrx_word' id='word_1_29' title='bbox 665 604 831 674; x_wconf 79' lang='grc' dir='ltr'><strong><em>παίδευσις</em></strong></span> <span class='ocrx_word' id='word_1_30' title='bbox 856 606 914 664; x_wconf 87' lang='grc' dir='ltr'><strong>τοῦ</strong></span> <span class='ocrx_word' id='word_1_31' title='bbox 937 603 1024 686; x_wconf 81' lang='grc' dir='ltr'><strong><em>θεοῦ,</em></strong></span> <span class='ocrx_word' id='word_1_32' title='bbox 1048 602 1101 665; x_wconf 85' lang='grc' dir='ltr'><strong><em>καί</em></strong></span> <span class='ocrx_word' id='word_1_33' title='bbox 1124 605 1195 665; x_wconf 84' lang='grc' dir='ltr'><strong><em>ἐλα-</em></strong></span> 
     </span>
     <span class='ocr_line' id='line_1_6' title="bbox 101 690 1195 782; baseline 0.004 -23"><span class='ocrx_word' id='word_1_34' title='bbox 101 698 260 781; x_wconf 80' lang='grc' dir='ltr'><strong><em>πὴθησαν.</em></strong></span> <span class='ocrx_word' id='word_1_35' title='bbox 315 690 417 776; x_wconf 76' lang='grc' dir='ltr'><strong><em>ὅμως,</em></strong></span> <span class='ocrx_word' id='word_1_36' title='bbox 443 692 537 771; x_wconf 85' lang='grc' dir='ltr'><strong>Ιώσάν</strong></span> <span class='ocrx_word' id='word_1_37' title='bbox 568 693 672 780; x_wconf 84' lang='grc' dir='ltr'><strong><em>όρτσιν</em></strong></span> <span class='ocrx_word' id='word_1_38' title='bbox 699 694 716 761; x_wconf 84' lang='grc' dir='ltr'><strong><em>ό</em></strong></span> <span class='ocrx_word' id='word_1_39' title='bbox 742 703 859 773; x_wconf 82' lang='grc' dir='ltr'><strong><em>παστοῖς</em></strong></span> <span class='ocrx_word' id='word_1_40' title='bbox 891 699 943 765; x_wconf 83' lang='grc' dir='ltr'><strong>διά</strong></span> <span class='ocrx_word' id='word_1_41' title='bbox 976 697 1115 782; x_wconf 78' lang='grc' dir='ltr'><strong><em>ὁρισμοῦ</em></strong></span> <span class='ocrx_word' id='word_1_42' title='bbox 1135 704 1195 765; x_wconf 90' lang='grc' dir='ltr'><strong>τοῦ</strong></span> 
     </span>
    </p>

    <p class='ocr_par' dir='ltr' id='par_1_4' title="bbox 65 792 1259 1378">
     <span class='ocr_line' id='line_1_7' title="bbox 76 792 1197 882; baseline 0.004 -24"><span class='ocrx_word' id='word_1_43' title='bbox 76 795 281 861; x_wconf 73' lang='grc' dir='ltr'><strong><em>ὁσουλτάνου</em></strong></span> <span class='ocrx_word' id='word_1_44' title='bbox 317 795 371 859; x_wconf 86' lang='grc' dir='ltr'><strong><em>καί</em></strong></span> <span class='ocrx_word' id='word_1_45' title='bbox 390 798 521 878; x_wconf 76' lang='grc' dir='ltr'><strong><em>ου’γηκεν</em></strong></span> <span class='ocrx_word' id='word_1_46' title='bbox 548 792 564 858; x_wconf 83' lang='grc' dir='ltr'><strong><em>ό</em></strong></span> <span class='ocrx_word' id='word_1_47' title='bbox 599 795 800 882; x_wconf 75' lang='grc' dir='ltr'><strong><em>πατριάρχης</em></strong></span> <span class='ocrx_word' id='word_1_48' title='bbox 834 802 868 863; x_wconf 83' lang='grc' dir='ltr'><strong>ἐκ</strong></span> <span class='ocrx_word' id='word_1_49' title='bbox 899 806 958 863; x_wconf 87' lang='grc' dir='ltr'><strong>τοῦ</strong></span> <span class='ocrx_word' id='word_1_50' title='bbox 989 797 1108 882; x_wconf 77' lang='grc' dir='ltr'><strong><em>θρόνου</em></strong></span> <span class='ocrx_word' id='word_1_51' title='bbox 1141 798 1197 863; x_wconf 85' lang='grc' dir='ltr'><strong><em>καί</em></strong></span> 
     </span>
     <span class='ocr_line' id='line_1_8' title="bbox 103 892 1194 983; baseline 0.003 -24"><span class='ocrx_word' id='word_1_52' title='bbox 103 895 248 978; x_wconf 76' lang='grc' dir='ltr'><strong>ἐδιώχθη</strong></span> <span class='ocrx_word' id='word_1_53' title='bbox 270 896 413 976; x_wconf 81' lang='grc' dir='ltr'><strong><em>τελείως,</em></strong></span> <span class='ocrx_word' id='word_1_54' title='bbox 446 892 668 982; x_wconf 77' lang='grc' dir='ltr'><strong><em>ἐσυνὴχθησαν</em></strong></span> <span class='ocrx_word' id='word_1_55' title='bbox 695 903 805 960; x_wconf 86' lang='grc' dir='ltr'><strong><em>πολλοί</em></strong></span> <span class='ocrx_word' id='word_1_56' title='bbox 837 899 899 962; x_wconf 82' lang='grc' dir='ltr'><strong><em>α’πὸ</em></strong></span> <span class='ocrx_word' id='word_1_57' title='bbox 924 897 997 974; x_wconf 83' lang='grc' dir='ltr'><strong><em>τοῦς</em></strong></span> <span class='ocrx_word' id='word_1_58' title='bbox 1024 896 1194 983; x_wconf 84' lang='grc' dir='ltr'><strong><em>α’ρχιερεῖς,</em></strong></span> 
     </span>
     <span class='ocr_line' id='line_1_9' title="bbox 103 991 1197 1083; baseline 0.006 -27"><span class='ocrx_word' id='word_1_59' title='bbox 103 997 160 1057; x_wconf 86' lang='grc' dir='ltr'><strong><em>καί</em></strong></span> <span class='ocrx_word' id='word_1_60' title='bbox 181 993 351 1078; x_wconf 82' lang='grc' dir='ltr'><strong><em>ἡνώθησαν</em></strong></span> <span class='ocrx_word' id='word_1_61' title='bbox 363 991 445 1074; x_wconf 84' lang='grc' dir='ltr'><strong><em>μετά</em></strong></span> <span class='ocrx_word' id='word_1_62' title='bbox 464 996 527 1058; x_wconf 86' lang='grc' dir='ltr'><strong>τών</strong></span> <span class='ocrx_word' id='word_1_63' title='bbox 549 1000 703 1079; x_wconf 86' lang='grc' dir='ltr'><strong><em>κληρικών</em></strong></span> <span class='ocrx_word' id='word_1_64' title='bbox 723 1001 779 1078; x_wconf 74' lang='grc' dir='ltr'><strong>τῆς</strong></span> <span class='ocrx_word' id='word_1_65' title='bbox 792 996 928 1082; x_wconf 87' lang='grc' dir='ltr'><strong><em>μεγάλης</em></strong></span> <span class='ocrx_word' id='word_1_66' title='bbox 950 1000 1122 1083; x_wconf 82' lang='grc' dir='ltr'><strong><em>ἐκκλησίας,</em></strong></span> <span class='ocrx_word' id='word_1_67' title='bbox 1141 1002 1197 1063; x_wconf 86' lang='grc' dir='ltr'><strong><em>καί</em></strong></span> 
     </span>
     <span class='ocr_line' id='line_1_10' title="bbox 104 1090 1259 1182; baseline 0.008 -24"><span class='ocrx_word' id='word_1_68' title='bbox 104 1090 240 1159; x_wconf 86' lang='grc' dir='ltr'><strong><em>σῦνοδον</em></strong></span> <span class='ocrx_word' id='word_1_69' title='bbox 269 1094 410 1174; x_wconf 86' lang='grc' dir='ltr'><strong><em>ἐκάμαν,</em></strong></span> <span class='ocrx_word' id='word_1_70' title='bbox 444 1104 533 1158; x_wconf 84' lang='grc' dir='ltr'><strong><em>ποῖον</em></strong></span> <span class='ocrx_word' id='word_1_71' title='bbox 563 1095 602 1160; x_wconf 89' lang='grc' dir='ltr'><strong><em>νά</em></strong></span> <span class='ocrx_word' id='word_1_72' title='bbox 630 1094 752 1175; x_wconf 84' lang='grc' dir='ltr'><strong><em>κάμουν</em></strong></span> <span class='ocrx_word' id='word_1_73' title='bbox 778 1101 833 1161; x_wconf 85' lang='grc' dir='ltr'><strong><em>καί</em></strong></span> <span class='ocrx_word' id='word_1_74' title='bbox 870 1095 1195 1182; x_wconf 65' lang='grc' dir='ltr'><strong><em>στησοννπατριάρ-</em></strong></span> <span class='ocrx_word' id='word_1_75' title='bbox 1257 1158 1259 1167; x_wconf 95' lang='grc'>.</span> 
     </span>
     <span class='ocr_line' id='line_1_11' title="bbox 103 1190 1196 1282; baseline 0.003 -25"><span class='ocrx_word' id='word_1_76' title='bbox 103 1219 186 1278; x_wconf 88' lang='grc' dir='ltr'><strong><em>χην·</em></strong></span> <span class='ocrx_word' id='word_1_77' title='bbox 229 1190 498 1280; x_wconf 60' lang='lat' dir='ltr'><strong>diiudicandum</strong></span> <span class='ocrx_word' id='word_1_78' title='bbox 526 1191 590 1259; x_wconf 78' lang='grc' dir='ltr'><strong><em>ὅλοι</em></strong></span> <span class='ocrx_word' id='word_1_79' title='bbox 610 1198 777 1281; x_wconf 76' lang='grc' dir='ltr'><strong><em>ἐψηφισαν</em></strong></span> <span class='ocrx_word' id='word_1_80' title='bbox 797 1196 1068 1282; x_wconf 84' lang='grc' dir='ltr'><strong><em>πατριάρχην”τόν</em></strong></span> <span class='ocrx_word' id='word_1_81' title='bbox 1088 1196 1196 1270; x_wconf 84' lang='grc' dir='ltr'><strong><em>Ξαλα-</em></strong></span> 
     </span>
     <span class='ocr_line' id='line_1_12' title="bbox 65 1293 248 1378; baseline 0.016 -24"><span class='ocrx_word' id='word_1_82' title='bbox 65 1293 248 1378; x_wconf 79' lang='grc' dir='ltr'><strong><em>1οκαράβιν.</em></strong></span> 
     </span>
    </p>
   </div>
   <div class='ocr_carea' id='block_1_4' title="bbox 256 1487 1011 1592">
    <p class='ocr_par' dir='ltr' id='par_1_5' title="bbox 256 1487 1011 1592">
     <span class='ocr_line' id='line_1_13' title="bbox 256 1487 1011 1592; baseline 0.024 -27"><span class='ocrx_word' id='word_1_83' title='bbox 256 1583 260 1590; x_wconf 33' lang='grc'><strong><em>,</em></strong></span> <span class='ocrx_word' id='word_1_84' title='bbox 288 1487 488 1569; x_wconf 66' lang='lat' dir='ltr'><strong>maritos</strong></span> <span class='ocrx_word' id='word_1_85' title='bbox 507 1501 712 1589; x_wconf 67' lang='grc' dir='ltr'><strong><em>ειμμαιχος</em></strong></span> <span class='ocrx_word' id='word_1_86' title='bbox 735 1502 752 1566; x_wconf 83' lang='lat'><strong>0‘</strong></span> <span class='ocrx_word' id='word_1_87' title='bbox 773 1487 1011 1592; x_wconf 76' lang='grc' dir='ltr'><strong><em>Ξυιοκαοὰοηι.</em></strong></span> 
     </span>
    </p>
   </div>
   <div class='ocr_carea' id='block_1_5' title="bbox 65 1692 1293 2478">
    <p class='ocr_par' dir='ltr' id='par_1_6' title="bbox 192 1692 1261 1780">
     <span class='ocr_line' id='line_1_14' title="bbox 192 1692 1261 1780; baseline 0.003 -23"><span class='ocrx_word' id='word_1_88' title='bbox 192 1696 312 1767; x_wconf 86' lang='grc' dir='ltr'><strong><em>Τοῦτος</em></strong></span> <span class='ocrx_word' id='word_1_89' title='bbox 329 1695 508 1779; x_wconf 78' lang='grc' dir='ltr'><strong><em>ψηφισθείς</em></strong></span> <span class='ocrx_word' id='word_1_90' title='bbox 527 1692 724 1778; x_wconf 78' lang='grc' dir='ltr'><strong><em>πατριάρχης</em></strong></span> <span class='ocrx_word' id='word_1_91' title='bbox 755 1693 811 1758; x_wconf 85' lang='grc' dir='ltr'><strong><em>καί</em></strong></span> <span class='ocrx_word' id='word_1_92' title='bbox 828 1693 934 1777; x_wconf 84' lang='grc' dir='ltr'><strong><em>λαβών</em></strong></span> <span class='ocrx_word' id='word_1_93' title='bbox 954 1693 993 1759; x_wconf 88' lang='grc' dir='ltr'><strong><em>τά</em></strong></span> <span class='ocrx_word' id='word_1_94' title='bbox 1016 1692 1199 1780; x_wconf 79' lang='grc' dir='ltr'><strong><em>μηνύματα,</em></strong></span> <span class='ocrx_word' id='word_1_95' title='bbox 1210 1698 1261 1755; x_wconf 78' lang='lat'><strong>124</strong></span> 
     </span>
    </p>

    <p class='ocr_par' dir='ltr' id='par_1_7' title="bbox 104 1791 1202 1880">
     <span class='ocr_line' id='line_1_15' title="bbox 104 1791 1202 1880; baseline 0.004 -24"><span class='ocrx_word' id='word_1_96' title='bbox 104 1792 138 1856; x_wconf 88' lang='grc' dir='ltr'><strong><em>τό</em></strong></span> <span class='ocrx_word' id='word_1_97' title='bbox 162 1791 277 1875; x_wconf 83' lang='grc' dir='ltr'><strong><em>μικρόν</em></strong></span> <span class='ocrx_word' id='word_1_98' title='bbox 306 1795 361 1857; x_wconf 81' lang='grc' dir='ltr'><strong><em>καί</em></strong></span> <span class='ocrx_word' id='word_1_99' title='bbox 391 1791 427 1859; x_wconf 85' lang='grc' dir='ltr'><strong><em>τό</em></strong></span> <span class='ocrx_word' id='word_1_100' title='bbox 450 1799 552 1875; x_wconf 79' lang='grc' dir='ltr'><strong><em>μέγα,</em></strong></span> <span class='ocrx_word' id='word_1_101' title='bbox 574 1792 772 1877; x_wconf 89' lang='grc' dir='ltr'><strong><em>πατριάρχην</em></strong></span> <span class='ocrx_word' id='word_1_102' title='bbox 798 1792 855 1859; x_wconf 89' lang='grc' dir='ltr'><strong>τόν</strong></span> <span class='ocrx_word' id='word_1_103' title='bbox 875 1796 1125 1880; x_wconf 78' lang='grc' dir='ltr'><strong><em>ἐχειροτόνησαν,</em></strong></span> <span class='ocrx_word' id='word_1_104' title='bbox 1146 1797 1202 1860; x_wconf 86' lang='grc' dir='ltr'><strong><em>καί</em></strong></span> 
     </span>
    </p>

    <p class='ocr_par' dir='ltr' id='par_1_8' title="bbox 65 1892 1200 2078">
     <span class='ocr_line' id='line_1_16' title="bbox 105 1892 1200 1979; baseline 0.003 -22"><span class='ocrx_word' id='word_1_105' title='bbox 105 1893 165 1977; x_wconf 79' lang='grc' dir='ltr'><strong>την</strong></span> <span class='ocrx_word' id='word_1_106' title='bbox 196 1896 360 1977; x_wconf 88' lang='grc' dir='ltr'><strong><em>ἐκκλησίαν</em></strong></span> <span class='ocrx_word' id='word_1_107' title='bbox 392 1896 451 1958; x_wconf 88' lang='grc' dir='ltr'><strong>τοῦ</strong></span> <span class='ocrx_word' id='word_1_108' title='bbox 479 1897 623 1976; x_wconf 76' lang='grc' dir='ltr'><strong><em>Χριστοῦ</em></strong></span> <span class='ocrx_word' id='word_1_109' title='bbox 663 1892 757 1975; x_wconf 82' lang='grc' dir='ltr'><strong><em>ἔλαβε</em></strong></span> <span class='ocrx_word' id='word_1_110' title='bbox 792 1898 847 1958; x_wconf 88' lang='grc' dir='ltr'><strong>τοῦ</strong></span> <span class='ocrx_word' id='word_1_111' title='bbox 883 1899 1060 1976; x_wconf 80' lang='grc' dir='ltr'><strong><em>ποιμαίνειν</em></strong></span> <span class='ocrx_word' id='word_1_112' title='bbox 1092 1895 1200 1979; x_wconf 64' lang='lat' dir='ltr'><strong>adroic.</strong></span> 
     </span>
     <span class='ocr_line' id='line_1_17' title="bbox 65 1986 1200 2078; baseline -0.001 -21"><span class='ocrx_word' id='word_1_113' title='bbox 65 1986 183 2076; x_wconf 75' lang='grc' dir='ltr'><strong><em>15ἧτον</em></strong></span> <span class='ocrx_word' id='word_1_114' title='bbox 203 1996 238 2058; x_wconf 80' lang='grc' dir='ltr'><strong>δὲ</strong></span> <span class='ocrx_word' id='word_1_115' title='bbox 271 1990 291 2078; x_wconf 79' lang='grc' dir='ltr'><em>ἦ</em></span> <span class='ocrx_word' id='word_1_116' title='bbox 320 1996 459 2077; x_wconf 83' lang='grc' dir='ltr'><strong><em>πατρίδα</em></strong></span> <span class='ocrx_word' id='word_1_117' title='bbox 489 1989 620 2057; x_wconf 75' lang='grc' dir='ltr'><strong><em>τοιοῦτ’</em></strong></span> <span class='ocrx_word' id='word_1_118' title='bbox 649 1991 747 2076; x_wconf 64' lang='lat' dir='ltr'><strong>aderis</strong></span> <span class='ocrx_word' id='word_1_119' title='bbox 774 1992 831 2077; x_wconf 76' lang='grc' dir='ltr'><strong>την</strong></span> <span class='ocrx_word' id='word_1_120' title='bbox 854 1992 1200 2075; x_wconf 80' lang='grc' dir='ltr'><strong><em>Κώνσταντινοῦπολιν,</em></strong></span> 
     </span>
    </p>

    <p class='ocr_par' dir='ltr' id='par_1_9' title="bbox 107 2087 1199 2179">
     <span class='ocr_line' id='line_1_18' title="bbox 107 2087 1199 2179; baseline -0.001 -22"><span class='ocrx_word' id='word_1_121' title='bbox 107 2087 276 2176; x_wconf 69' lang='grc' dir='ltr'><strong><em>ἅνθρωπος</em></strong></span> <span class='ocrx_word' id='word_1_122' title='bbox 298 2093 396 2158; x_wconf 89' lang='grc' dir='ltr'><strong><em>πολλά</em></strong></span> <span class='ocrx_word' id='word_1_123' title='bbox 418 2093 617 2177; x_wconf 86' lang='grc' dir='ltr'><strong><em>λογιώτατος.</em></strong></span> <span class='ocrx_word' id='word_1_124' title='bbox 660 2090 757 2173; x_wconf 85' lang='grc' dir='ltr'><strong><em>ἐκαμε</em></strong></span> <span class='ocrx_word' id='word_1_125' title='bbox 780 2097 814 2158; x_wconf 85' lang='grc' dir='ltr'><strong>δὲ</strong></span> <span class='ocrx_word' id='word_1_126' title='bbox 831 2096 935 2179; x_wconf 76' lang='grc' dir='ltr'><strong><em>ὀλίγον</em></strong></span> <span class='ocrx_word' id='word_1_127' title='bbox 950 2092 1062 2177; x_wconf 86' lang='grc' dir='ltr'><strong><em>καιρόν</em></strong></span> <span class='ocrx_word' id='word_1_128' title='bbox 1079 2098 1123 2169; x_wconf 86' lang='grc' dir='ltr'><strong>εἰς</strong></span> <span class='ocrx_word' id='word_1_129' title='bbox 1144 2092 1199 2159; x_wconf 87' lang='grc' dir='ltr'><strong>τόν</strong></span> 
     </span>
    </p>

    <p class='ocr_par' dir='ltr' id='par_1_10' title="bbox 107 2176 1199 2279">
     <span class='ocr_line' id='line_1_19' title="bbox 107 2176 1199 2279; baseline 0.002 -24"><span class='ocrx_word' id='word_1_130' title='bbox 107 2176 341 2276; x_wconf 71' lang='grc' dir='ltr'><strong><em>πατριαρχικόν</em></strong></span> <span class='ocrx_word' id='word_1_131' title='bbox 376 2192 511 2279; x_wconf 77' lang='grc' dir='ltr'><strong><em>θρόνον·</em></strong></span> <span class='ocrx_word' id='word_1_132' title='bbox 568 2192 628 2256; x_wconf 85' lang='grc' dir='ltr'><strong><em>καί</em></strong></span> <span class='ocrx_word' id='word_1_133' title='bbox 665 2194 891 2279; x_wconf 75' lang='grc' dir='ltr'><strong><em>ἐγεννήθησαν·</em></strong></span> <span class='ocrx_word' id='word_1_134' title='bbox 913 2192 968 2258; x_wconf 85' lang='grc' dir='ltr'><strong><em>καί</em></strong></span> <span class='ocrx_word' id='word_1_135' title='bbox 1002 2192 1199 2277; x_wconf 82' lang='grc' dir='ltr'><strong><em>ἐβλάστησαν</em></strong></span> 
     </span>
    </p>

    <p class='ocr_par' dir='ltr' id='par_1_11' title="bbox 108 2284 1293 2377">
     <span class='ocr_line' id='line_1_20' title="bbox 108 2284 1293 2377; baseline 0.008 -24"><span class='ocrx_word' id='word_1_136' title='bbox 108 2290 210 2355; x_wconf 83' lang='grc' dir='ltr'><strong><em>πολλοὶ</em></strong></span> <span class='ocrx_word' id='word_1_137' title='bbox 240 2291 402 2377; x_wconf 83' lang='grc' dir='ltr'><strong><em>σκάνδαλα</em></strong></span> <span class='ocrx_word' id='word_1_138' title='bbox 436 2291 499 2356; x_wconf 89' lang='grc' dir='ltr'><strong>άπό</strong></span> <span class='ocrx_word' id='word_1_139' title='bbox 528 2291 601 2367; x_wconf 83' lang='grc' dir='ltr'><strong><em>τούς</em></strong></span> <span class='ocrx_word' id='word_1_140' title='bbox 632 2284 800 2374; x_wconf 83' lang='grc' dir='ltr'><strong><em>κληρικοάς</em></strong></span> <span class='ocrx_word' id='word_1_141' title='bbox 833 2296 899 2357; x_wconf 88' lang='grc' dir='ltr'><strong><em>κατ’</em></strong></span> <span class='ocrx_word' id='word_1_142' title='bbox 926 2296 1048 2364; x_wconf 59' lang='grc' dir='ltr'><strong><em>αὐτοῦ)</em></strong></span> <span class='ocrx_word' id='word_1_143' title='bbox 1060 2297 1118 2357; x_wconf 84' lang='grc' dir='ltr'><strong>τοῦ</strong></span> <span class='ocrx_word' id='word_1_144' title='bbox 1137 2318 1201 2357; x_wconf 91' lang='grc' dir='ltr'><strong><em>πα-</em></strong></span> <span class='ocrx_word' id='word_1_145' title='bbox 1289 2354 1293 2362; x_wconf 95' lang='grc'><em>,</em></span> 
     </span>
    </p>

    <p class='ocr_par' dir='ltr' id='par_1_12' title="bbox 108 2386 782 2478">
     <span class='ocr_line' id='line_1_21' title="bbox 108 2386 782 2478; baseline 0.001 -24"><span class='ocrx_word' id='word_1_146' title='bbox 108 2391 273 2478; x_wconf 74' lang='grc' dir='ltr'><strong><em>τριάρχον,</em></strong></span> <span class='ocrx_word' id='word_1_147' title='bbox 297 2386 346 2457; x_wconf 80' lang='grc' dir='ltr'><strong><em>ὅτι</em></strong></span> <span class='ocrx_word' id='word_1_148' title='bbox 368 2395 507 2469; x_wconf 77' lang='grc' dir='ltr'><strong><em>ον’δένας,</em></strong></span> <span class='ocrx_word' id='word_1_149' title='bbox 521 2397 574 2458; x_wconf 74' lang='lat' dir='ltr'><strong>div</strong></span> <span class='ocrx_word' id='word_1_150' title='bbox 594 2391 647 2458; x_wconf 84' lang='grc' dir='ltr'><strong>τὸν</strong></span> <span class='ocrx_word' id='word_1_151' title='bbox 667 2389 782 2475; x_wconf 77' lang='grc' dir='ltr'><strong><em>α’γάπα.</em></strong></span> 
     </span>
    </p>
   </div>
   <div class='ocr_carea' id='block_1_6' title="bbox 109 2727 1288 3368">
    <p class='ocr_par' dir='ltr' id='par_1_13' title="bbox 109 2727 1288 3368">
     <span class='ocr_line' id='line_1_22' title="bbox 180 2727 1203 2800; baseline 0.002 -21"><span class='ocrx_word' id='word_1_152' title='bbox 180 2729 285 2779; x_wconf 85' lang='lat' dir='ltr'><strong>Periata</strong></span> <span class='ocrx_word' id='word_1_153' title='bbox 297 2727 331 2778; x_wconf 89' lang='lat' dir='ltr'><strong>ad</strong></span> <span class='ocrx_word' id='word_1_154' title='bbox 350 2729 484 2781; x_wconf 84' lang='lat' dir='ltr'><strong>sultanum</strong></span> <span class='ocrx_word' id='word_1_155' title='bbox 503 2737 529 2780; x_wconf 90' lang='lat' dir='ltr'><strong>et</strong></span> <span class='ocrx_word' id='word_1_156' title='bbox 547 2730 650 2781; x_wconf 86' lang='lat' dir='ltr'><strong>bassam</strong></span> <span class='ocrx_word' id='word_1_157' title='bbox 668 2731 756 2782; x_wconf 85' lang='lat' dir='ltr'><strong>subita</strong></span> <span class='ocrx_word' id='word_1_158' title='bbox 768 2739 795 2784; x_wconf 88' lang='lat' dir='ltr'><strong>et</strong></span> <span class='ocrx_word' id='word_1_159' title='bbox 808 2731 924 2783; x_wconf 83' lang='lat' dir='ltr'><strong>terribili</strong></span> <span class='ocrx_word' id='word_1_160' title='bbox 937 2730 986 2782; x_wconf 86' lang='lat' dir='ltr'><strong>ilia</strong></span> <span class='ocrx_word' id='word_1_161' title='bbox 1005 2732 1203 2800; x_wconf 80' lang='lat' dir='ltr'><strong>protovestiarii</strong></span> 
     </span>
     <span class='ocr_line' id='line_1_23' title="bbox 109 2799 1288 2872; baseline 0.003 -24"><span class='ocrx_word' id='word_1_162' title='bbox 109 2807 207 2862; x_wconf 84' lang='lat' dir='ltr'><strong>morte,</strong></span> <span class='ocrx_word' id='word_1_163' title='bbox 226 2799 368 2850; x_wconf 85' lang='lat' dir='ltr'><strong>admiratio</strong></span> <span class='ocrx_word' id='word_1_164' title='bbox 388 2817 478 2850; x_wconf 89' lang='lat' dir='ltr'><strong>eorum</strong></span> <span class='ocrx_word' id='word_1_165' title='bbox 495 2802 597 2852; x_wconf 88' lang='lat' dir='ltr'><strong>animos</strong></span> <span class='ocrx_word' id='word_1_166' title='bbox 617 2803 727 2867; x_wconf 81' lang='lat' dir='ltr'><strong>invasit3</strong></span> <span class='ocrx_word' id='word_1_167' title='bbox 746 2810 774 2852; x_wconf 80' lang='lat' dir='ltr'><strong>et</strong></span> <span class='ocrx_word' id='word_1_168' title='bbox 788 2811 970 2872; x_wconf 86' lang='lat' dir='ltr'><strong>cognoverunt</strong></span> <span class='ocrx_word' id='word_1_169' title='bbox 989 2817 1047 2852; x_wconf 83' lang='lat' dir='ltr'><strong>esso</strong></span> <span class='ocrx_word' id='word_1_170' title='bbox 1067 2802 1138 2852; x_wconf 86' lang='lat' dir='ltr'><strong>iusto</strong></span> <span class='ocrx_word' id='word_1_171' title='bbox 1159 2800 1204 2851; x_wconf 87' lang='lat' dir='ltr'><strong>dei</strong></span> <span class='ocrx_word' id='word_1_172' title='bbox 1286 2805 1288 2812; x_wconf 92' lang='lat'>&#39;</span> 
     </span>
     <span class='ocr_line' id='line_1_24' title="bbox 110 2869 1202 2940; baseline 0.002 -21"><span class='ocrx_word' id='word_1_173' title='bbox 110 2869 213 2920; x_wconf 89' lang='lat' dir='ltr'><strong>iudicio</strong></span> <span class='ocrx_word' id='word_1_174' title='bbox 250 2870 347 2921; x_wconf 81' lang='lat' dir='ltr'><strong>iactam</strong></span> <span class='ocrx_word' id='word_1_175' title='bbox 379 2872 524 2932; x_wconf 87' lang='lat' dir='ltr'><strong>ultionem,</strong></span> <span class='ocrx_word' id='word_1_176' title='bbox 555 2872 712 2940; x_wconf 83' lang='lat' dir='ltr'><strong>disciplinae</strong></span> <span class='ocrx_word' id='word_1_177' title='bbox 744 2890 843 2936; x_wconf 87' lang='lat' dir='ltr'><strong>causa,</strong></span> <span class='ocrx_word' id='word_1_178' title='bbox 884 2873 1090 2940; x_wconf 84' lang='lat' dir='ltr'><strong>contristatique</strong></span> <span class='ocrx_word' id='word_1_179' title='bbox 1132 2882 1202 2932; x_wconf 79' lang='lat' dir='ltr'><strong>sunt.</strong></span> 
     </span>
     <span class='ocr_line' id='line_1_25' title="bbox 110 2941 1205 3012; baseline -0.001 -20"><span class='ocrx_word' id='word_1_180' title='bbox 110 2950 177 2993; x_wconf 83' lang='lat' dir='ltr'><strong>tunc</strong></span> <span class='ocrx_word' id='word_1_181' title='bbox 195 2941 293 3007; x_wconf 82' lang='lat' dir='ltr'><strong>igitur,</strong></span> <span class='ocrx_word' id='word_1_182' title='bbox 318 2950 458 3010; x_wconf 87' lang='lat' dir='ltr'><strong>postquam</strong></span> <span class='ocrx_word' id='word_1_183' title='bbox 480 2942 514 2992; x_wconf 82' lang='lat' dir='ltr'><strong>ad</strong></span> <span class='ocrx_word' id='word_1_184' title='bbox 536 2943 689 2994; x_wconf 84' lang='lat' dir='ltr'><strong>nsaudatum</strong></span> <span class='ocrx_word' id='word_1_185' title='bbox 710 2943 824 3007; x_wconf 86' lang='lat' dir='ltr'><strong>bassae,</strong></span> <span class='ocrx_word' id='word_1_186' title='bbox 849 2942 922 3012; x_wconf 89' lang='lat' dir='ltr'><strong>quod</strong></span> <span class='ocrx_word' id='word_1_187' title='bbox 947 2943 970 2993; x_wconf 87' lang='lat' dir='ltr'><strong>is</strong></span> <span class='ocrx_word' id='word_1_188' title='bbox 989 2958 1004 2990; x_wconf 95' lang='lat' dir='ltr'><strong>a</strong></span> <span class='ocrx_word' id='word_1_189' title='bbox 1024 2943 1132 2998; x_wconf 81' lang='lat' dir='ltr'><strong>sultano</strong></span> <span class='ocrx_word' id='word_1_190' title='bbox 1161 2959 1205 2991; x_wconf 89' lang='lat' dir='ltr'><strong>ac·</strong></span> 
     </span>
     <span class='ocr_line' id='line_1_26' title="bbox 110 3012 1204 3081; baseline 0.001 -20"><span class='ocrx_word' id='word_1_191' title='bbox 110 3020 237 3078; x_wconf 77' lang='lat' dir='ltr'>ceperat,</span> <span class='ocrx_word' id='word_1_192' title='bbox 264 3029 278 3061; x_wconf 91' lang='lat' dir='ltr'><strong>e</strong></span> <span class='ocrx_word' id='word_1_193' title='bbox 305 3012 375 3062; x_wconf 84' lang='lat' dir='ltr'><strong>solio</strong></span> <span class='ocrx_word' id='word_1_194' title='bbox 410 3030 459 3063; x_wconf 90' lang='lat' dir='ltr'><strong>suo</strong></span> <span class='ocrx_word' id='word_1_195' title='bbox 490 3013 639 3081; x_wconf 85' lang='lat' dir='ltr'><strong>patriarcha</strong></span> <span class='ocrx_word' id='word_1_196' title='bbox 669 3016 826 3064; x_wconf 80' lang='lat' dir='ltr'><strong>excessisset</strong></span> <span class='ocrx_word' id='word_1_197' title='bbox 856 3022 883 3064; x_wconf 87' lang='lat' dir='ltr'><strong>et</strong></span> <span class='ocrx_word' id='word_1_198' title='bbox 907 3013 986 3080; x_wconf 86' lang='lat' dir='ltr'><strong>plane</strong></span> <span class='ocrx_word' id='word_1_199' title='bbox 1014 3015 1204 3062; x_wconf 80' lang='lat' dir='ltr'><strong>exterminatus</strong></span> 
     </span>
     <span class='ocr_line' id='line_1_27' title="bbox 112 3081 1204 3152; baseline 0 -20"><span class='ocrx_word' id='word_1_200' title='bbox 112 3091 192 3143; x_wconf 89' lang='lat' dir='ltr'><strong>esset,</strong></span> <span class='ocrx_word' id='word_1_201' title='bbox 212 3081 354 3150; x_wconf 87' lang='lat' dir='ltr'><strong>pontifices</strong></span> <span class='ocrx_word' id='word_1_202' title='bbox 375 3081 530 3152; x_wconf 21' lang='lat' dir='ltr'><strong>frequente-s</strong></span> <span class='ocrx_word' id='word_1_203' title='bbox 549 3094 749 3146; x_wconf 81' lang='lat' dir='ltr'><strong>convenerunt,</strong></span> <span class='ocrx_word' id='word_1_204' title='bbox 779 3085 807 3134; x_wconf 92' lang='lat' dir='ltr'><strong>in</strong></span> <span class='ocrx_word' id='word_1_205' title='bbox 825 3083 995 3152; x_wconf 84' lang='lat' dir='ltr'><strong>consilioque</strong></span> <span class='ocrx_word' id='word_1_206' title='bbox 1015 3083 1124 3133; x_wconf 89' lang='lat' dir='ltr'><strong>clericos</strong></span> <span class='ocrx_word' id='word_1_207' title='bbox 1146 3099 1204 3132; x_wconf 90' lang='lat' dir='ltr'><strong>ma-</strong></span> 
     </span>
     <span class='ocr_line' id='line_1_28' title="bbox 111 3152 1205 3238; baseline 0 -36"><span class='ocrx_word' id='word_1_208' title='bbox 111 3169 180 3238; x_wconf 60' lang='lat' dir='ltr'><strong>gnae</strong></span> <span class='ocrx_word' id='word_1_209' title='bbox 202 3154 331 3204; x_wconf 85' lang='lat' dir='ltr'><strong>ecciesiae</strong></span> <span class='ocrx_word' id='word_1_210' title='bbox 353 3153 404 3203; x_wconf 82' lang='lat' dir='ltr'><strong>sibi</strong></span> <span class='ocrx_word' id='word_1_211' title='bbox 423 3153 616 3205; x_wconf 84' lang='lat' dir='ltr'><strong>adhibuerunt.</strong></span> <span class='ocrx_word' id='word_1_212' title='bbox 666 3153 716 3204; x_wconf 88' lang='lat' dir='ltr'><strong>hac</strong></span> <span class='ocrx_word' id='word_1_213' title='bbox 738 3153 840 3220; x_wconf 87' lang='lat' dir='ltr'><strong>synodo</strong></span> <span class='ocrx_word' id='word_1_214' title='bbox 868 3155 981 3205; x_wconf 87' lang='lat' dir='ltr'><strong>collecta</strong></span> <span class='ocrx_word' id='word_1_215' title='bbox 1002 3154 1035 3204; x_wconf 91' lang='lat' dir='ltr'><strong>de</strong></span> <span class='ocrx_word' id='word_1_216' title='bbox 1054 3152 1205 3222; x_wconf 85' lang='lat' dir='ltr'><strong>patriarcha</strong></span> 
     </span>
     <span class='ocr_line' id='line_1_29' title="bbox 110 3223 1204 3277; baseline 0.005 -6"><span class='ocrx_word' id='word_1_217' title='bbox 110 3224 211 3274; x_wconf 82' lang='lat' dir='ltr'><strong>idoneo</strong></span> <span class='ocrx_word' id='word_1_218' title='bbox 231 3223 421 3274; x_wconf 82' lang='lat' dir='ltr'><strong>constituendo</strong></span> <span class='ocrx_word' id='word_1_219' title='bbox 440 3225 622 3276; x_wconf 86' lang='lat' dir='ltr'><strong>consultatum</strong></span> <span class='ocrx_word' id='word_1_220' title='bbox 643 3233 691 3275; x_wconf 88' lang='lat' dir='ltr'><strong>est.</strong></span> <span class='ocrx_word' id='word_1_221' title='bbox 740 3223 806 3276; x_wconf 86' lang='lat' dir='ltr'><strong>inde</strong></span> <span class='ocrx_word' id='word_1_222' title='bbox 825 3243 877 3276; x_wconf 83' lang='lat' dir='ltr'><strong>una</strong></span> <span class='ocrx_word' id='word_1_223' title='bbox 896 3234 986 3277; x_wconf 84' lang='lat' dir='ltr'><strong>mente</strong></span> <span class='ocrx_word' id='word_1_224' title='bbox 1008 3241 1039 3276; x_wconf 88' lang='lat' dir='ltr'><strong>ac</strong></span> <span class='ocrx_word' id='word_1_225' title='bbox 1059 3241 1123 3276; x_wconf 82' lang='lat' dir='ltr'><strong>voce</strong></span> <span class='ocrx_word' id='word_1_226' title='bbox 1145 3225 1204 3276; x_wconf 86' lang='lat' dir='ltr'><strong>sus-</strong></span> 
     </span>
     <span class='ocr_line' id='line_1_30' title="bbox 111 3295 858 3368; baseline 0.004 -24"><span class='ocrx_word' id='word_1_227' title='bbox 111 3295 197 3363; x_wconf 82' lang='lat' dir='ltr'><strong>fragia</strong></span> <span class='ocrx_word' id='word_1_228' title='bbox 216 3296 335 3368; x_wconf 76' lang='lat' dir='ltr'><strong>omnium</strong></span> <span class='ocrx_word' id='word_1_229' title='bbox 353 3296 382 3346; x_wconf 91' lang='lat' dir='ltr'><strong>in</strong></span> <span class='ocrx_word' id='word_1_230' title='bbox 403 3312 457 3347; x_wconf 90' lang='lat' dir='ltr'><strong>uno</strong></span> <span class='ocrx_word' id='word_1_231' title='bbox 476 3295 640 3362; x_wconf 82' lang='lat' dir='ltr'><strong>Xylocarnbe</strong></span> <span class='ocrx_word' id='word_1_232' title='bbox 658 3303 858 3348; x_wconf 83' lang='lat' dir='ltr'><strong>concurrerunt.</strong></span> 
     </span>
    </p>
   </div>
   <div class='ocr_carea' id='block_1_7' title="bbox 167 3504 1148 3577">
    <p class='ocr_par' dir='ltr' id='par_1_14' title="bbox 167 3504 1148 3577">
     <span class='ocr_line' id='line_1_31' title="bbox 167 3504 1148 3577; baseline 0.003 -22"><span class='ocrx_word' id='word_1_233' title='bbox 167 3504 210 3556; x_wconf 91' lang='lat' dir='ltr'><strong>1v.</strong></span> <span class='ocrx_word' id='word_1_234' title='bbox 247 3505 274 3556; x_wconf 87' lang='grc' dir='ltr'><strong>Ρ.</strong></span> <span class='ocrx_word' id='word_1_235' title='bbox 291 3504 430 3558; x_wconf 74' lang='lat' dir='ltr'><strong>MARCUS</strong></span> <span class='ocrx_word' id='word_1_236' title='bbox 448 3504 764 3572; x_wconf 78' lang='lat' dir='ltr'><strong>HIEROMONACHUS,</strong></span> <span class='ocrx_word' id='word_1_237' title='bbox 784 3509 942 3577; x_wconf 79' lang='lat' dir='ltr'><strong>cognomine</strong></span> <span class='ocrx_word' id='word_1_238' title='bbox 961 3507 1148 3574; x_wconf 78' lang='lat' dir='ltr'><strong>Xylocarabes.</strong></span> 
     </span>
    </p>
   </div>
   <div class='ocr_carea' id='block_1_8' title="bbox 113 3676 1249 4174">
    <p class='ocr_par' dir='ltr' id='par_1_15' title="bbox 113 3676 1249 4174">
     <span class='ocr_line' id='line_1_32' title="bbox 185 3676 1205 3753; baseline 0.007 -26"><span class='ocrx_word' id='word_1_239' title='bbox 185 3676 380 3746; x_wconf 82' lang='lat' dir='ltr'><strong>Suffragatione</strong></span> <span class='ocrx_word' id='word_1_240' title='bbox 395 3678 474 3730; x_wconf 90' lang='lat' dir='ltr'><strong>huius</strong></span> <span class='ocrx_word' id='word_1_241' title='bbox 492 3689 608 3749; x_wconf 81' lang='lat' dir='ltr'><strong>peracta,</strong></span> <span class='ocrx_word' id='word_1_242' title='bbox 628 3691 741 3753; x_wconf 89' lang='lat' dir='ltr'><strong>utraque</strong></span> <span class='ocrx_word' id='word_1_243' title='bbox 771 3684 795 3734; x_wconf 88' lang='lat' dir='ltr'><strong>ei</strong></span> <span class='ocrx_word' id='word_1_244' title='bbox 815 3681 981 3733; x_wconf 85' lang='lat' dir='ltr'><strong>indicatione</strong></span> <span class='ocrx_word' id='word_1_245' title='bbox 1002 3681 1081 3744; x_wconf 81' lang='lat' dir='ltr'><strong>facta,</strong></span> <span class='ocrx_word' id='word_1_246' title='bbox 1101 3684 1205 3742; x_wconf 84' lang='lat' dir='ltr'><strong>minore</strong></span> 
     </span>
     <span class='ocr_line' id='line_1_33' title="bbox 114 3749 1249 3822; baseline 0.003 -24"><span class='ocrx_word' id='word_1_247' title='bbox 114 3755 142 3799; x_wconf 87' lang='lat' dir='ltr'><strong>et</strong></span> <span class='ocrx_word' id='word_1_248' title='bbox 161 3749 274 3811; x_wconf 82' lang='lat' dir='ltr'><strong>maiore,</strong></span> <span class='ocrx_word' id='word_1_249' title='bbox 292 3751 443 3818; x_wconf 83' lang='lat' dir='ltr'><strong>patriarcha</strong></span> <span class='ocrx_word' id='word_1_250' title='bbox 462 3754 628 3804; x_wconf 72' lang='lat' dir='ltr'><strong>renuntiatus</strong></span> <span class='ocrx_word' id='word_1_251' title='bbox 647 3762 688 3804; x_wconf 83' lang='lat' dir='ltr'><strong>est</strong></span> <span class='ocrx_word' id='word_1_252' title='bbox 703 3755 897 3822; x_wconf 80' lang='lat' dir='ltr'><strong>ecclesiamque</strong></span> <span class='ocrx_word' id='word_1_253' title='bbox 911 3752 1020 3814; x_wconf 79' lang='lat' dir='ltr'><strong>Christi,</strong></span> <span class='ocrx_word' id='word_1_254' title='bbox 1041 3754 1075 3804; x_wconf 90' lang='lat' dir='ltr'><strong>ob</strong></span> <span class='ocrx_word' id='word_1_255' title='bbox 1094 3771 1206 3821; x_wconf 83' lang='lat' dir='ltr'><strong>pascen-</strong></span> <span class='ocrx_word' id='word_1_256' title='bbox 1247 3797 1249 3801; x_wconf 91' lang='lat'>.</span> 
     </span>
     <span class='ocr_line' id='line_1_34' title="bbox 115 3819 1206 3893; baseline 0.007 -26"><span class='ocrx_word' id='word_1_257' title='bbox 115 3819 179 3869; x_wconf 89' lang='lat' dir='ltr'><strong>dum</strong></span> <span class='ocrx_word' id='word_1_258' title='bbox 200 3835 263 3869; x_wconf 85' lang='lat' dir='ltr'><strong>oves</strong></span> <span class='ocrx_word' id='word_1_259' title='bbox 276 3819 366 3881; x_wconf 88' lang='lat' dir='ltr'><strong>huius,</strong></span> <span class='ocrx_word' id='word_1_260' title='bbox 386 3823 497 3890; x_wconf 83' lang='lat' dir='ltr'><strong>accepit.</strong></span> <span class='ocrx_word' id='word_1_261' title='bbox 535 3825 620 3891; x_wconf 89' lang='lat' dir='ltr'><strong>patria</strong></span> <span class='ocrx_word' id='word_1_262' title='bbox 642 3825 701 3874; x_wconf 79' lang='lat' dir='ltr'><strong>eisrs</strong></span> <span class='ocrx_word' id='word_1_263' title='bbox 714 3827 772 3892; x_wconf 86' lang='lat' dir='ltr'><strong>ipsa</strong></span> <span class='ocrx_word' id='word_1_264' title='bbox 786 3824 956 3874; x_wconf 84' lang='lat' dir='ltr'><strong>Constantini</strong></span> <span class='ocrx_word' id='word_1_265' title='bbox 976 3824 1038 3874; x_wconf 88' lang='lat' dir='ltr'><strong>urbs</strong></span> <span class='ocrx_word' id='word_1_266' title='bbox 1058 3833 1130 3886; x_wconf 83' lang='lat' dir='ltr'><strong>erat;</strong></span> <span class='ocrx_word' id='word_1_267' title='bbox 1149 3827 1206 3893; x_wconf 84' lang='lat' dir='ltr'><strong>ipse</strong></span> 
     </span>
     <span class='ocr_line' id='line_1_35' title="bbox 114 3891 1206 3964; baseline 0.007 -26"><span class='ocrx_word' id='word_1_268' title='bbox 114 3893 155 3943; x_wconf 84' lang='lat' dir='ltr'><strong>vir</strong></span> <span class='ocrx_word' id='word_1_269' title='bbox 174 3891 327 3942; x_wconf 87' lang='lat' dir='ltr'><strong>eruditione</strong></span> <span class='ocrx_word' id='word_1_270' title='bbox 345 3893 425 3957; x_wconf 85' lang='lat' dir='ltr'><strong>longe</strong></span> <span class='ocrx_word' id='word_1_271' title='bbox 447 3897 699 3962; x_wconf 81' lang='lat' dir='ltr'><strong>praestantissimus.</strong></span> <span class='ocrx_word' id='word_1_272' title='bbox 737 3895 783 3946; x_wconf 88' lang='lat' dir='ltr'><strong>sed</strong></span> <span class='ocrx_word' id='word_1_273' title='bbox 814 3911 872 3944; x_wconf 92' lang='lat' dir='ltr'><strong>cum</strong></span> <span class='ocrx_word' id='word_1_274' title='bbox 894 3894 928 3945; x_wconf 92' lang='lat' dir='ltr'><strong>ad</strong></span> <span class='ocrx_word' id='word_1_275' title='bbox 948 3895 1080 3946; x_wconf 90' lang='lat' dir='ltr'><strong>modicum</strong></span> <span class='ocrx_word' id='word_1_276' title='bbox 1101 3904 1206 3964; x_wconf 78' lang='lat' dir='ltr'><strong>tempus</strong></span> 
     </span>
     <span class='ocr_line' id='line_1_36' title="bbox 113 3960 1206 4036; baseline 0.007 -27"><span class='ocrx_word' id='word_1_277' title='bbox 113 3960 318 4028; x_wconf 79' lang='lat' dir='ltr'><strong>patriarchicum</strong></span> <span class='ocrx_word' id='word_1_278' title='bbox 346 3963 438 4013; x_wconf 85' lang='lat' dir='ltr'><strong>sedem</strong></span> <span class='ocrx_word' id='word_1_279' title='bbox 462 3965 607 4029; x_wconf 83' lang='lat' dir='ltr'><strong>tenuisset,</strong></span> <span class='ocrx_word' id='word_1_280' title='bbox 630 3968 714 4017; x_wconf 88' lang='lat' dir='ltr'><strong>coorti</strong></span> <span class='ocrx_word' id='word_1_281' title='bbox 736 3974 807 4026; x_wconf 88' lang='lat' dir='ltr'><strong>sunt,</strong></span> <span class='ocrx_word' id='word_1_282' title='bbox 824 3965 916 4016; x_wconf 82' lang='lat' dir='ltr'><strong>inuitis</strong></span> <span class='ocrx_word' id='word_1_283' title='bbox 936 3967 1071 4036; x_wconf 86' lang='lat' dir='ltr'><strong>variisque</strong></span> <span class='ocrx_word' id='word_1_284' title='bbox 1089 3965 1206 4017; x_wconf 85' lang='lat' dir='ltr'><strong>dissidiis</strong></span> 
     </span>
     <span class='ocr_line' id='line_1_37' title="bbox 114 4031 1206 4106; baseline 0.008 -26"><span class='ocrx_word' id='word_1_285' title='bbox 114 4039 144 4082; x_wconf 87' lang='lat' dir='ltr'><strong>et</strong></span> <span class='ocrx_word' id='word_1_286' title='bbox 163 4031 235 4082; x_wconf 88' lang='lat' dir='ltr'><strong>odiis</strong></span> <span class='ocrx_word' id='word_1_287' title='bbox 255 4033 335 4095; x_wconf 83' lang='lat' dir='ltr'><strong>natis,</strong></span> <span class='ocrx_word' id='word_1_288' title='bbox 354 4035 529 4087; x_wconf 86' lang='lat' dir='ltr'><strong>ecclesiastici</strong></span> <span class='ocrx_word' id='word_1_289' title='bbox 558 4037 679 4089; x_wconf 87' lang='lat' dir='ltr'><strong>homines</strong></span> <span class='ocrx_word' id='word_1_290' title='bbox 699 4039 729 4089; x_wconf 92' lang='lat' dir='ltr'><strong>in</strong></span> <span class='ocrx_word' id='word_1_291' title='bbox 747 4038 850 4106; x_wconf 84' lang='lat' dir='ltr'><strong>ipsum;</strong></span> <span class='ocrx_word' id='word_1_292' title='bbox 879 4054 993 4106; x_wconf 88' lang='lat' dir='ltr'><strong>quorum</strong></span> <span class='ocrx_word' id='word_1_293' title='bbox 1010 4037 1144 4092; x_wconf 83' lang='lat' dir='ltr'><strong>neminem</strong></span> <span class='ocrx_word' id='word_1_294' title='bbox 1164 4038 1206 4089; x_wconf 92' lang='lat' dir='ltr'><strong>in·</strong></span> 
     </span>
     <span class='ocr_line' id='line_1_38' title="bbox 113 4103 1175 4174; baseline 0.008 -20"><span class='ocrx_word' id='word_1_295' title='bbox 113 4103 234 4156; x_wconf 81' lang='lat' dir='ltr'><strong>venisses</strong></span> <span class='ocrx_word' id='word_1_296' title='bbox 252 4103 305 4174; x_wconf 89' lang='lat' dir='ltr'><strong>ipsi</strong></span> <span class='ocrx_word' id='word_1_297' title='bbox 326 4107 449 4157; x_wconf 79' lang='lat' dir='ltr'><strong>amicum.</strong></span> <span class='ocrx_word' id='word_1_298' title='bbox 537 4151 540 4160; x_wconf 87' lang='lat'><em>.</em></span> <span class='ocrx_word' id='word_1_299' title='bbox 1170 4129 1175 4134; x_wconf 92' lang='lat'>·</span> 
     </span>
    </p>
   </div>
   <div class='ocr_carea' id='block_1_9' title="bbox 0 0 1462 4775">
    <p class='ocr_par' dir='ltr' id='par_1_16' title="bbox 0 0 1462 4775">
     <span class='ocr_line' id='line_1_39' title="bbox 0 0 1462 4775; baseline 0 0"><span class='ocrx_word' id='word_1_300' title='bbox 0 0 1462 4775; x_wconf 95' lang='lat' dir='ltr'><strong> </strong></span> 
     </span>
    </p>
   </div>
  </div>
 </body>
</html>
