<?xml version="1.0" encoding="UTF-8"?>
<!DOCTYPE html PUBLIC "-//W3C//DTD XHTML 1.0 Transitional//EN"
    "http://www.w3.org/TR/xhtml1/DTD/xhtml1-transitional.dtd">
<html xmlns="http://www.w3.org/1999/xhtml" xml:lang="en" lang="en">
 <head>
  <title>
</title>
<meta http-equiv="Content-Type" content="text/html;charset=utf-8" />
  <meta name='ocr-system' content='tesseract 3.04.00' />
  <meta name='ocr-capabilities' content='ocr_page ocr_carea ocr_par ocr_line ocrx_word'/>
</head>
<body>
  <div class='ocr_page' id='page_1' title='image "./historiapolitic01bekkgoog_0243.png"; bbox 0 0 2884 4775; ppageno 0'>
   <div class='ocr_carea' id='block_1_1' title="bbox 461 201 1226 332">
    <p class='ocr_par' dir='ltr' id='par_1_1' title="bbox 461 201 1226 332">
     <span class='ocr_line' id='line_1_1' title="bbox 461 201 1226 332; baseline 0.012 -9"><span class='ocrx_word' id='word_1_1' title='bbox 461 253 752 326; x_wconf 69' lang='lat' dir='ltr'>musmones</span> <span class='ocrx_word' id='word_1_2' title='bbox 779 263 823 326; x_wconf 86' lang='lat' dir='ltr'>u.</span> <span class='ocrx_word' id='word_1_3' title='bbox 1119 225 1196 332; x_wconf 71' lang='lat' dir='ltr'>ist</span> <span class='ocrx_word' id='word_1_4' title='bbox 1222 201 1226 212; x_wconf 40' lang='grc'><strong>“</strong></span> 
     </span>
    </p>
   </div>
   <div class='ocr_carea' id='block_1_2' title="bbox 3 426 1255 2645">
    <p class='ocr_par' dir='ltr' id='par_1_2' title="bbox 3 426 1196 1139">
     <span class='ocr_line' id='line_1_2' title="bbox 90 426 1195 525; baseline 0.007 -27"><span class='ocrx_word' id='word_1_5' title='bbox 90 433 242 515; x_wconf 85' lang='grc' dir='ltr'><strong><em>οάμενοι,</em></strong></span> <span class='ocrx_word' id='word_1_6' title='bbox 271 430 326 496; x_wconf 84' lang='grc' dir='ltr'>τόν</span> <span class='ocrx_word' id='word_1_7' title='bbox 353 434 476 519; x_wconf 78' lang='grc' dir='ltr'><strong><em>Ἰζαοῦ,</em></strong></span> <span class='ocrx_word' id='word_1_8' title='bbox 511 426 585 499; x_wconf 74' lang='grc' dir='ltr'><strong><em>ὄντα</em></strong></span> <span class='ocrx_word' id='word_1_9' title='bbox 611 439 668 500; x_wconf 87' lang='grc' dir='ltr'><strong><em>καί</em></strong></span> <span class='ocrx_word' id='word_1_10' title='bbox 698 434 799 501; x_wconf 71' lang='grc' dir='ltr'><strong><em>αὐτὸν</em></strong></span> <span class='ocrx_word' id='word_1_11' title='bbox 820 435 865 510; x_wconf 86' lang='grc' dir='ltr'><strong><em>είς</em></strong></span> <span class='ocrx_word' id='word_1_12' title='bbox 886 435 944 521; x_wconf 71' lang='grc' dir='ltr'><strong><em>τὴν</em></strong></span> <span class='ocrx_word' id='word_1_13' title='bbox 967 440 1195 525; x_wconf 69' lang='grc' dir='ltr'>Κεφαλληνίαν</span> 
     </span>
     <span class='ocr_line' id='line_1_3' title="bbox 93 534 1196 621; baseline 0.007 -23"><span class='ocrx_word' id='word_1_14' title='bbox 93 536 263 619; x_wconf 69' lang='grc' dir='ltr'><strong><em>ατῗθέντηι,</em></strong></span> <span class='ocrx_word' id='word_1_15' title='bbox 286 534 558 620; x_wconf 69' lang='grc' dir='ltr'><strong><em>μνήστοραπρός</em></strong></span> <span class='ocrx_word' id='word_1_16' title='bbox 577 537 636 621; x_wconf 71' lang='grc' dir='ltr'><strong><em>τὴν</em></strong></span> <span class='ocrx_word' id='word_1_17' title='bbox 658 541 848 620; x_wconf 80' lang='grc' dir='ltr'><strong><em>βασιλισσαν</em></strong></span> <span class='ocrx_word' id='word_1_18' title='bbox 868 536 1112 620; x_wconf 73' lang='grc' dir='ltr'><strong><em>προβάλλουσιν.</em></strong></span> <span class='ocrx_word' id='word_1_19' title='bbox 1157 543 1196 606; x_wconf 83' lang='grc' dir='ltr'>ουΙ</span> 
     </span>
     <span class='ocr_line' id='line_1_4' title="bbox 92 633 1196 725; baseline 0.009 -27"><span class='ocrx_word' id='word_1_20' title='bbox 92 633 230 699; x_wconf 32' lang='lat' dir='ltr'>nutriret</span> <span class='ocrx_word' id='word_1_21' title='bbox 252 640 285 699; x_wconf 80' lang='grc' dir='ltr'>ἑν</span> <span class='ocrx_word' id='word_1_22' title='bbox 306 637 404 725; x_wconf 78' lang='grc' dir='ltr'><strong><em>μέσῳ,</em></strong></span> <span class='ocrx_word' id='word_1_23' title='bbox 427 641 482 702; x_wconf 87' lang='grc' dir='ltr'><strong><em>καί</em></strong></span> <span class='ocrx_word' id='word_1_24' title='bbox 501 636 518 699; x_wconf 81' lang='grc' dir='ltr'>ὅ</span> <span class='ocrx_word' id='word_1_25' title='bbox 539 639 826 723; x_wconf 78' lang='grc' dir='ltr'><strong><em>πρωτοβεστιοὶριος</em></strong></span> <span class='ocrx_word' id='word_1_26' title='bbox 849 636 866 700; x_wconf 81' lang='grc' dir='ltr'><strong><em>ὅ</em></strong></span> <span class='ocrx_word' id='word_1_27' title='bbox 886 639 1035 723; x_wconf 79' lang='grc' dir='ltr'><strong><em>Ἀψαράς</em></strong></span> <span class='ocrx_word' id='word_1_28' title='bbox 1058 639 1196 724; x_wconf 77' lang='grc' dir='ltr'><strong><em>Μιχαὴλ</em></strong></span> 
     </span>
     <span class='ocr_line' id='line_1_5' title="bbox 91 736 1196 828; baseline 0.005 -28"><span class='ocrx_word' id='word_1_29' title='bbox 91 736 170 817; x_wconf 84' lang='grc' dir='ltr'><strong><em>μετά</em></strong></span> <span class='ocrx_word' id='word_1_30' title='bbox 197 742 261 802; x_wconf 79' lang='grc' dir='ltr'><strong><em>τάν</em></strong></span> <span class='ocrx_word' id='word_1_31' title='bbox 290 741 414 802; x_wconf 78' lang='grc' dir='ltr'><em>παίδων</em></span> <span class='ocrx_word' id='word_1_32' title='bbox 447 741 549 804; x_wconf 80' lang='grc' dir='ltr'><strong><em>ου’τοῦ</em></strong></span> <span class='ocrx_word' id='word_1_33' title='bbox 572 743 605 804; x_wconf 85' lang='grc' dir='ltr'>έν</span> <span class='ocrx_word' id='word_1_34' title='bbox 634 743 676 827; x_wconf 76' lang='grc' dir='ltr'><strong><em>τῇ</em></strong></span> <span class='ocrx_word' id='word_1_35' title='bbox 707 737 814 828; x_wconf 80' lang='grc' dir='ltr'><strong><em>εἱρκτῇ</em></strong></span> <span class='ocrx_word' id='word_1_36' title='bbox 843 741 1019 804; x_wconf 73' lang='grc' dir='ltr'><strong><em>ἐκτίθενται</em></strong></span> <span class='ocrx_word' id='word_1_37' title='bbox 1049 745 1104 806; x_wconf 88' lang='grc' dir='ltr'><strong><em>καί</em></strong></span> <span class='ocrx_word' id='word_1_38' title='bbox 1122 743 1196 819; x_wconf 83' lang='grc' dir='ltr'><strong><em>τοὺς</em></strong></span> 
     </span>
     <span class='ocr_line' id='line_1_6' title="bbox 4 826 1194 926; baseline 0.005 -25"><span class='ocrx_word' id='word_1_39' title='bbox 4 826 5 836; x_wconf 31' lang='lat'>¹</span> <span class='ocrx_word' id='word_1_40' title='bbox 63 830 284 922; x_wconf 77' lang='grc' dir='ltr'><strong><em>δίφθαλμοάς</em></strong></span> <span class='ocrx_word' id='word_1_41' title='bbox 306 833 601 920; x_wconf 78' lang='grc' dir='ltr'><strong><em>ε’ξοράττονταικαί</em></strong></span> <span class='ocrx_word' id='word_1_42' title='bbox 622 837 757 922; x_wconf 72' lang='grc' dir='ltr'><strong><em>ὕστερον</em></strong></span> <span class='ocrx_word' id='word_1_43' title='bbox 770 841 985 922; x_wconf 80' lang='grc' dir='ltr'><strong><em>έξορίζονται·</em></strong></span> <span class='ocrx_word' id='word_1_44' title='bbox 1029 835 1111 906; x_wconf 69' lang='grc' dir='ltr'><strong><em>οὕτω</em></strong></span> <span class='ocrx_word' id='word_1_45' title='bbox 1133 839 1194 926; x_wconf 76' lang='grc' dir='ltr'>γάρ</span> 
     </span>
     <span class='ocr_line' id='line_1_7' title="bbox 92 936 1196 1027; baseline 0.004 -25"><span class='ocrx_word' id='word_1_46' title='bbox 92 938 188 1017; x_wconf 85' lang='grc' dir='ltr'><strong><em>τιμάν</em></strong></span> <span class='ocrx_word' id='word_1_47' title='bbox 209 936 333 1004; x_wconf 77' lang='grc' dir='ltr'><strong><em>οἴδασιν</em></strong></span> <span class='ocrx_word' id='word_1_48' title='bbox 355 939 384 1004; x_wconf 77' lang='grc' dir='ltr'>οἱ</span> <span class='ocrx_word' id='word_1_49' title='bbox 406 943 552 1023; x_wconf 80' lang='grc' dir='ltr'><strong><em>δαίμονες</em></strong></span> <span class='ocrx_word' id='word_1_50' title='bbox 572 938 645 1017; x_wconf 76' lang='grc' dir='ltr'><strong><em>τοῦς</em></strong></span> <span class='ocrx_word' id='word_1_51' title='bbox 670 943 828 1020; x_wconf 75' lang='grc' dir='ltr'><strong><em>τιμῶντας</em></strong></span> <span class='ocrx_word' id='word_1_52' title='bbox 849 939 986 1027; x_wconf 76' lang='grc' dir='ltr'><strong><em>αὐτούς,</em></strong></span> <span class='ocrx_word' id='word_1_53' title='bbox 1007 941 1063 1006; x_wconf 88' lang='grc' dir='ltr'><strong><em>καί</em></strong></span> <span class='ocrx_word' id='word_1_54' title='bbox 1082 942 1196 1018; x_wconf 79' lang='grc' dir='ltr'><strong><em>τοιαί-</em></strong></span> 
     </span>
     <span class='ocr_line' id='line_1_8' title="bbox 3 1029 1086 1139; baseline 0.003 -36"><span class='ocrx_word' id='word_1_55' title='bbox 3 1106 4 1139; x_wconf 36' lang='grc'><strong><em>,</em></strong></span> <span class='ocrx_word' id='word_1_56' title='bbox 91 1062 149 1112; x_wconf 88' lang='grc' dir='ltr'><strong><em>τας</em></strong></span> <span class='ocrx_word' id='word_1_57' title='bbox 172 1038 296 1121; x_wconf 77' lang='grc' dir='ltr'><strong><em>δωρεάς</em></strong></span> <span class='ocrx_word' id='word_1_58' title='bbox 321 1040 517 1122; x_wconf 69' lang='grc' dir='ltr'><strong><em>ἀπονέμουσι</em></strong></span> <span class='ocrx_word' id='word_1_59' title='bbox 536 1052 601 1118; x_wconf 84' lang='grc' dir='ltr'><strong><em>τοῖς</em></strong></span> <span class='ocrx_word' id='word_1_60' title='bbox 623 1044 730 1129; x_wconf 82' lang='grc' dir='ltr'><strong><em>φίλοις</em></strong></span> <span class='ocrx_word' id='word_1_61' title='bbox 752 1029 881 1106; x_wconf 60' lang='lat' dir='ltr'>aaran</span> <span class='ocrx_word' id='word_1_62' title='bbox 1083 1039 1086 1049; x_wconf 70' lang='grc'>’</span> 
     </span>
    </p>

    <p class='ocr_par' dir='ltr' id='par_1_3' title="bbox 188 1137 1196 1227">
     <span class='ocr_line' id='line_1_9' title="bbox 188 1137 1196 1227; baseline 0.005 -23"><span class='ocrx_word' id='word_1_63' title='bbox 188 1140 315 1222; x_wconf 81' lang='grc' dir='ltr'>Ἀμέλει</span> <span class='ocrx_word' id='word_1_64' title='bbox 349 1147 420 1224; x_wconf 87' lang='grc' dir='ltr'><strong><em>μετ’</em></strong></span> <span class='ocrx_word' id='word_1_65' title='bbox 454 1145 561 1227; x_wconf 76' lang='grc' dir='ltr'><strong><em>ὀλίγας</em></strong></span> <span class='ocrx_word' id='word_1_66' title='bbox 596 1137 717 1227; x_wconf 78' lang='grc' dir='ltr'><strong><em>ἡμέρας</em></strong></span> <span class='ocrx_word' id='word_1_67' title='bbox 739 1141 874 1226; x_wconf 70' lang='grc' dir='ltr'><strong><em>ἔρχεται</em></strong></span> <span class='ocrx_word' id='word_1_68' title='bbox 896 1140 1046 1225; x_wconf 81' lang='grc' dir='ltr'><strong><em>ὄἸζοιοῦ,</em></strong></span> <span class='ocrx_word' id='word_1_69' title='bbox 1067 1147 1123 1208; x_wconf 83' lang='grc' dir='ltr'><strong><em>καί</em></strong></span> <span class='ocrx_word' id='word_1_70' title='bbox 1144 1145 1196 1209; x_wconf 74' lang='grc' dir='ltr'>δέ·</span> 
     </span>
    </p>

    <p class='ocr_par' dir='ltr' id='par_1_4' title="bbox 92 1240 1196 1328">
     <span class='ocr_line' id='line_1_10' title="bbox 92 1240 1196 1328; baseline 0.005 -23"><span class='ocrx_word' id='word_1_71' title='bbox 92 1264 204 1325; x_wconf 80' lang='grc' dir='ltr'><strong><em>χονται</em></strong></span> <span class='ocrx_word' id='word_1_72' title='bbox 227 1241 326 1307; x_wconf 86' lang='grc' dir='ltr'><strong><em>ου’τόν</em></strong></span> <span class='ocrx_word' id='word_1_73' title='bbox 355 1241 385 1308; x_wconf 83' lang='grc' dir='ltr'>οἱ</span> <span class='ocrx_word' id='word_1_74' title='bbox 405 1243 588 1309; x_wconf 85' lang='grc' dir='ltr'><strong><em>Ἰοοαννῖται</em></strong></span> <span class='ocrx_word' id='word_1_75' title='bbox 619 1244 748 1319; x_wconf 78' lang='grc' dir='ltr'><strong><em>ὑπτίαις</em></strong></span> <span class='ocrx_word' id='word_1_76' title='bbox 770 1242 868 1326; x_wconf 81' lang='grc' dir='ltr'><strong><em>χερσί</em></strong></span> <span class='ocrx_word' id='word_1_77' title='bbox 888 1240 1115 1328; x_wconf 71' lang='grc' dir='ltr'><strong><em>καίτλεστιὸτην</em></strong></span> <span class='ocrx_word' id='word_1_78' title='bbox 1137 1244 1196 1309; x_wconf 80' lang='lat' dir='ltr'>osi·</span> 
     </span>
    </p>

    <p class='ocr_par' dir='ltr' id='par_1_5' title="bbox 45 1345 1198 1833">
     <span class='ocr_line' id='line_1_11' title="bbox 45 1345 1196 1433; baseline 0.003 -25"><span class='ocrx_word' id='word_1_79' title='bbox 45 1350 155 1411; x_wconf 71' lang='lat' dir='ltr'>tornis</span> <span class='ocrx_word' id='word_1_80' title='bbox 173 1347 434 1433; x_wconf 79' lang='grc' dir='ltr'><strong><em>οίνευφημοῦσιν,</em></strong></span> <span class='ocrx_word' id='word_1_81' title='bbox 454 1345 554 1431; x_wconf 79' lang='grc' dir='ltr'><strong><em>μηνὸς</em></strong></span> <span class='ocrx_word' id='word_1_82' title='bbox 574 1349 775 1430; x_wconf 81' lang='grc' dir='ltr'><strong><em>Ἰανουαρίου</em></strong></span> <span class='ocrx_word' id='word_1_83' title='bbox 799 1347 851 1412; x_wconf 82' lang='grc'>30.</span> <span class='ocrx_word' id='word_1_84' title='bbox 882 1349 1065 1433; x_wconf 78' lang='grc' dir='ltr'><strong><em>παραυτίκα</em></strong></span> <span class='ocrx_word' id='word_1_85' title='bbox 1087 1351 1123 1413; x_wconf 78' lang='grc' dir='ltr'>δὲ</span> <span class='ocrx_word' id='word_1_86' title='bbox 1145 1352 1196 1414; x_wconf 71' lang='grc' dir='ltr'><strong><em>ἐκ·</em></strong></span> 
     </span>
     <span class='ocr_line' id='line_1_12' title="bbox 92 1445 1194 1532; baseline 0.001 -22"><span class='ocrx_word' id='word_1_87' title='bbox 92 1449 227 1510; x_wconf 74' lang='grc' dir='ltr'><strong><em>καλοῦσι</em></strong></span> <span class='ocrx_word' id='word_1_88' title='bbox 262 1445 478 1532; x_wconf 81' lang='grc' dir='ltr'><strong><em>πυράνυμφον</em></strong></span> <span class='ocrx_word' id='word_1_89' title='bbox 518 1445 580 1510; x_wconf 83' lang='grc' dir='ltr'>α’πὸ</span> <span class='ocrx_word' id='word_1_90' title='bbox 609 1450 662 1530; x_wconf 69' lang='grc' dir='ltr'>τῆξ</span> <span class='ocrx_word' id='word_1_91' title='bbox 689 1448 837 1528; x_wconf 83' lang='grc' dir='ltr'><strong><em>Βλαχίας</em></strong></span> <span class='ocrx_word' id='word_1_92' title='bbox 868 1445 925 1530; x_wconf 76' lang='grc' dir='ltr'><strong><em>τήν</em></strong></span> <span class='ocrx_word' id='word_1_93' title='bbox 955 1448 1194 1531; x_wconf 78' lang='grc' dir='ltr'><strong><em>Καισάρισσοιν,</em></strong></span> 
     </span>
     <span class='ocr_line' id='line_1_13' title="bbox 92 1542 1195 1632; baseline 0.004 -22"><span class='ocrx_word' id='word_1_94' title='bbox 92 1542 159 1630; x_wconf 76' lang='grc' dir='ltr'><strong><em>ἥτις</em></strong></span> <span class='ocrx_word' id='word_1_95' title='bbox 181 1546 260 1628; x_wconf 87' lang='grc' dir='ltr'><strong><em>μετά</em></strong></span> <span class='ocrx_word' id='word_1_96' title='bbox 298 1548 355 1612; x_wconf 81' lang='grc' dir='ltr'><strong><em>τοῦ</em></strong></span> <span class='ocrx_word' id='word_1_97' title='bbox 379 1547 545 1632; x_wconf 80' lang='grc' dir='ltr'><strong><em>Στεφάνου</em></strong></span> <span class='ocrx_word' id='word_1_98' title='bbox 575 1550 707 1632; x_wconf 78' lang='grc' dir='ltr'><strong><em>εἰσῆλθε</em></strong></span> <span class='ocrx_word' id='word_1_99' title='bbox 736 1550 791 1611; x_wconf 89' lang='grc' dir='ltr'><strong><em>καί</em></strong></span> <span class='ocrx_word' id='word_1_100' title='bbox 821 1546 874 1612; x_wconf 82' lang='grc' dir='ltr'><strong><em>τὸν</em></strong></span> <span class='ocrx_word' id='word_1_101' title='bbox 895 1546 996 1632; x_wconf 78' lang='grc' dir='ltr'><strong><em>γάμον</em></strong></span> <span class='ocrx_word' id='word_1_102' title='bbox 1016 1551 1195 1632; x_wconf 58' lang='lat' dir='ltr'>adaptatos.</span> 
     </span>
     <span class='ocr_line' id='line_1_14' title="bbox 92 1644 1198 1733; baseline 0.004 -24"><span class='ocrx_word' id='word_1_103' title='bbox 92 1651 148 1712; x_wconf 88' lang='grc' dir='ltr'><strong><em>καί</em></strong></span> <span class='ocrx_word' id='word_1_104' title='bbox 173 1646 214 1710; x_wconf 87' lang='grc' dir='ltr'><strong><em>τά</em></strong></span> <span class='ocrx_word' id='word_1_105' title='bbox 242 1650 385 1732; x_wconf 81' lang='grc' dir='ltr'><strong><em>μνῆστρα</em></strong></span> <span class='ocrx_word' id='word_1_106' title='bbox 413 1644 648 1732; x_wconf 74' lang='grc' dir='ltr'><strong><em>είλογήθηοαν,</em></strong></span> <span class='ocrx_word' id='word_1_107' title='bbox 681 1645 743 1710; x_wconf 87' lang='grc' dir='ltr'><strong><em>καί</em></strong></span> <span class='ocrx_word' id='word_1_108' title='bbox 767 1649 813 1722; x_wconf 82' lang='grc' dir='ltr'><strong><em>εἰς</em></strong></span> <span class='ocrx_word' id='word_1_109' title='bbox 844 1649 984 1733; x_wconf 83' lang='grc' dir='ltr'><strong><em>μεγάλην</em></strong></span> <span class='ocrx_word' id='word_1_110' title='bbox 1012 1645 1120 1731; x_wconf 71' lang='grc' dir='ltr'><strong><em>χαράν</em></strong></span> <span class='ocrx_word' id='word_1_111' title='bbox 1141 1647 1198 1713; x_wconf 83' lang='grc' dir='ltr'><strong><em>καί</em></strong></span> 
     </span>
     <span class='ocr_line' id='line_1_15' title="bbox 92 1739 1195 1833; baseline 0.001 -22"><span class='ocrx_word' id='word_1_112' title='bbox 92 1748 281 1831; x_wconf 80' lang='grc' dir='ltr'><strong><em>α’γαλλίασιν</em></strong></span> <span class='ocrx_word' id='word_1_113' title='bbox 302 1751 372 1812; x_wconf 86' lang='grc' dir='ltr'><strong><em>τότε</em></strong></span> <span class='ocrx_word' id='word_1_114' title='bbox 395 1744 414 1833; x_wconf 79' lang='grc' dir='ltr'><em>ἦ</em></span> <span class='ocrx_word' id='word_1_115' title='bbox 439 1746 529 1825; x_wconf 81' lang='grc' dir='ltr'><strong><em>πόλις</em></strong></span> <span class='ocrx_word' id='word_1_116' title='bbox 550 1751 612 1812; x_wconf 82' lang='grc' dir='ltr'><strong><em>τῶν</em></strong></span> <span class='ocrx_word' id='word_1_117' title='bbox 632 1739 821 1815; x_wconf 83' lang='grc' dir='ltr'><strong><em>Ἰωαννίνων</em></strong></span> <span class='ocrx_word' id='word_1_118' title='bbox 844 1753 1004 1813; x_wconf 82' lang='grc' dir='ltr'><strong><em>συνετέλει</em></strong></span> <span class='ocrx_word' id='word_1_119' title='bbox 1025 1749 1080 1812; x_wconf 84' lang='grc' dir='ltr'><strong><em>καί</em></strong></span> <span class='ocrx_word' id='word_1_120' title='bbox 1101 1773 1195 1814; x_wconf 85' lang='grc' dir='ltr'><strong><em>συνε-</em></strong></span> 
     </span>
    </p>

    <p class='ocr_par' dir='ltr' id='par_1_6' title="bbox 45 1841 1193 2036">
     <span class='ocr_line' id='line_1_16' title="bbox 45 1841 1193 1938; baseline 0.001 -28"><span class='ocrx_word' id='word_1_121' title='bbox 45 1848 274 1929; x_wconf 74' lang='grc' dir='ltr'><strong><em>λδσεμνάνετο.</em></strong></span> <span class='ocrx_word' id='word_1_122' title='bbox 318 1848 440 1932; x_wconf 74' lang='grc' dir='ltr'><strong><em>α’γαθός</em></strong></span> <span class='ocrx_word' id='word_1_123' title='bbox 461 1851 496 1913; x_wconf 78' lang='grc' dir='ltr'>δέ</span> <span class='ocrx_word' id='word_1_124' title='bbox 522 1841 567 1913; x_wconf 75' lang='grc' dir='ltr'><strong><em>τίν</em></strong></span> <span class='ocrx_word' id='word_1_125' title='bbox 589 1848 605 1912; x_wconf 83' lang='lat' dir='ltr'>ri</span> <span class='ocrx_word' id='word_1_126' title='bbox 630 1845 784 1931; x_wconf 76' lang='grc' dir='ltr'><strong><em>δεσπότης</em></strong></span> <span class='ocrx_word' id='word_1_127' title='bbox 800 1846 876 1923; x_wconf 82' lang='grc' dir='ltr'>τούς</span> <span class='ocrx_word' id='word_1_128' title='bbox 897 1849 1017 1923; x_wconf 80' lang='grc' dir='ltr'><strong><em>πάντας</em></strong></span> <span class='ocrx_word' id='word_1_129' title='bbox 1038 1849 1110 1914; x_wconf 84' lang='grc' dir='ltr'><strong><em>τότε</em></strong></span> <span class='ocrx_word' id='word_1_130' title='bbox 1131 1843 1193 1938; x_wconf 77' lang='grc' dir='ltr'><strong><em>ᾤκ-</em></strong></span> 
     </span>
     <span class='ocr_line' id='line_1_17' title="bbox 90 1944 666 2036; baseline 0 -22"><span class='ocrx_word' id='word_1_131' title='bbox 90 1971 174 2035; x_wconf 83' lang='grc' dir='ltr'><strong><em>τειρε</em></strong></span> <span class='ocrx_word' id='word_1_132' title='bbox 198 1953 254 2015; x_wconf 90' lang='grc' dir='ltr'><strong><em>καί</em></strong></span> <span class='ocrx_word' id='word_1_133' title='bbox 272 1944 407 2033; x_wconf 72' lang='grc' dir='ltr'><strong><em>ὕστερον</em></strong></span> <span class='ocrx_word' id='word_1_134' title='bbox 429 1947 666 2036; x_wconf 74' lang='grc' dir='ltr'><strong><em>έκληροδότησε.</em></strong></span> 
     </span>
    </p>

    <p class='ocr_par' dir='ltr' id='par_1_7' title="bbox 90 2050 1197 2340">
     <span class='ocr_line' id='line_1_18' title="bbox 192 2050 1197 2136; baseline 0 -21"><span class='ocrx_word' id='word_1_135' title='bbox 192 2052 262 2115; x_wconf 84' lang='grc' dir='ltr'>Καί</span> <span class='ocrx_word' id='word_1_136' title='bbox 282 2055 486 2135; x_wconf 78' lang='grc' dir='ltr'><strong><em>πρῶτονμὲν</em></strong></span> <span class='ocrx_word' id='word_1_137' title='bbox 507 2050 563 2135; x_wconf 68' lang='grc' dir='ltr'><strong><em>τὴν</em></strong></span> <span class='ocrx_word' id='word_1_138' title='bbox 584 2053 947 2136; x_wconf 81' lang='grc' dir='ltr'><strong><em>ἐκκλησίανουστέλλει,</em></strong></span> <span class='ocrx_word' id='word_1_139' title='bbox 970 2054 1024 2117; x_wconf 85' lang='grc' dir='ltr'><strong><em>καί</em></strong></span> <span class='ocrx_word' id='word_1_140' title='bbox 1045 2053 1100 2117; x_wconf 78' lang='grc' dir='ltr'><strong><em>τόν</em></strong></span> <span class='ocrx_word' id='word_1_141' title='bbox 1122 2075 1197 2117; x_wconf 83' lang='grc' dir='ltr'><strong><em>ποι-</em></strong></span> 
     </span>
     <span class='ocr_line' id='line_1_19' title="bbox 90 2148 1196 2240; baseline 0.004 -24"><span class='ocrx_word' id='word_1_142' title='bbox 90 2148 253 2236; x_wconf 80' lang='grc' dir='ltr'><strong><em>μενάρχην</em></strong></span> <span class='ocrx_word' id='word_1_143' title='bbox 286 2156 383 2234; x_wconf 76' lang='grc' dir='ltr'><strong><em>ου’τῆς</em></strong></span> <span class='ocrx_word' id='word_1_144' title='bbox 411 2156 587 2217; x_wconf 60' lang='lat' dir='ltr'>Matrinius</span> <span class='ocrx_word' id='word_1_145' title='bbox 624 2157 814 2236; x_wconf 77' lang='grc' dir='ltr'><strong><em>μετακαλεῖ,</em></strong></span> <span class='ocrx_word' id='word_1_146' title='bbox 853 2155 907 2216; x_wconf 89' lang='grc' dir='ltr'><strong><em>καί</em></strong></span> <span class='ocrx_word' id='word_1_147' title='bbox 941 2150 1008 2236; x_wconf 78' lang='grc' dir='ltr'><strong><em>τὴν</em></strong></span> <span class='ocrx_word' id='word_1_148' title='bbox 1029 2155 1196 2240; x_wconf 75' lang='grc' dir='ltr'><strong><em>ἐκκλησίαν</em></strong></span> 
     </span>
     <span class='ocr_line' id='line_1_20' title="bbox 91 2249 1194 2340; baseline 0.004 -24"><span class='ocrx_word' id='word_1_149' title='bbox 91 2253 178 2340; x_wconf 74' lang='grc' dir='ltr'><strong><em>ου’τηῖ</em></strong></span> <span class='ocrx_word' id='word_1_150' title='bbox 198 2252 397 2338; x_wconf 74' lang='grc' dir='ltr'><strong><em>παρατίθησι</em></strong></span> <span class='ocrx_word' id='word_1_151' title='bbox 418 2251 497 2334; x_wconf 85' lang='grc' dir='ltr'><strong><em>μετά</em></strong></span> <span class='ocrx_word' id='word_1_152' title='bbox 522 2257 583 2316; x_wconf 74' lang='grc' dir='ltr'><strong><em>τοῖν</em></strong></span> <span class='ocrx_word' id='word_1_153' title='bbox 604 2249 813 2335; x_wconf 75' lang='grc' dir='ltr'><strong><em>ὕπαρχάντων</em></strong></span> <span class='ocrx_word' id='word_1_154' title='bbox 827 2251 883 2316; x_wconf 86' lang='grc' dir='ltr'><strong><em>καί</em></strong></span> <span class='ocrx_word' id='word_1_155' title='bbox 901 2251 1066 2336; x_wconf 85' lang='grc' dir='ltr'><strong><em>κτημάτων</em></strong></span> <span class='ocrx_word' id='word_1_156' title='bbox 1086 2256 1194 2339; x_wconf 68' lang='grc' dir='ltr'><strong><em>αὐτῆς,</em></strong></span> 
     </span>
    </p>

    <p class='ocr_par' dir='ltr' id='par_1_8' title="bbox 43 2350 1255 2645">
     <span class='ocr_line' id='line_1_21' title="bbox 43 2350 1255 2441; baseline -0.003 -22"><span class='ocrx_word' id='word_1_157' title='bbox 43 2363 82 2419; x_wconf 77' lang='lat'>20</span> <span class='ocrx_word' id='word_1_158' title='bbox 92 2351 147 2419; x_wconf 87' lang='grc' dir='ltr'><strong><em>καί</em></strong></span> <span class='ocrx_word' id='word_1_159' title='bbox 165 2356 295 2434; x_wconf 74' lang='grc' dir='ltr'><strong><em>ἐντίμους</em></strong></span> <span class='ocrx_word' id='word_1_160' title='bbox 316 2350 415 2419; x_wconf 74' lang='grc' dir='ltr'><strong><em>ου’τόν</em></strong></span> <span class='ocrx_word' id='word_1_161' title='bbox 439 2353 599 2437; x_wconf 81' lang='grc' dir='ltr'><strong><em>περιέχει·</em></strong></span> <span class='ocrx_word' id='word_1_162' title='bbox 648 2351 757 2418; x_wconf 79' lang='grc' dir='ltr'><strong><em>ἔπειτα</em></strong></span> <span class='ocrx_word' id='word_1_163' title='bbox 783 2354 827 2437; x_wconf 74' lang='grc' dir='ltr'>Ιδὲ</span> <span class='ocrx_word' id='word_1_164' title='bbox 850 2357 905 2418; x_wconf 86' lang='grc' dir='ltr'><strong><em>καί</em></strong></span> <span class='ocrx_word' id='word_1_165' title='bbox 927 2352 1002 2429; x_wconf 80' lang='grc' dir='ltr'>τούς</span> <span class='ocrx_word' id='word_1_166' title='bbox 1026 2351 1059 2420; x_wconf 81' lang='grc' dir='ltr'>έν</span> <span class='ocrx_word' id='word_1_167' title='bbox 1079 2353 1194 2441; x_wconf 65' lang='lat' dir='ltr'>ineps.</span> <span class='ocrx_word' id='word_1_168' title='bbox 1252 2388 1255 2391; x_wconf 96' lang='lat'>·</span> 
     </span>
     <span class='ocr_line' id='line_1_22' title="bbox 92 2452 1193 2549; baseline 0.002 -31"><span class='ocrx_word' id='word_1_169' title='bbox 92 2456 146 2542; x_wconf 80' lang='grc' dir='ltr'><strong><em>ρίηι</em></strong></span> <span class='ocrx_word' id='word_1_170' title='bbox 168 2456 222 2518; x_wconf 86' lang='grc' dir='ltr'><strong><em>καί</em></strong></span> <span class='ocrx_word' id='word_1_171' title='bbox 243 2457 348 2541; x_wconf 79' lang='grc' dir='ltr'><strong><em>ἑξορίηι</em></strong></span> <span class='ocrx_word' id='word_1_172' title='bbox 367 2462 556 2535; x_wconf 79' lang='grc' dir='ltr'><strong><em>μετακαλεῖ,</em></strong></span> <span class='ocrx_word' id='word_1_173' title='bbox 582 2455 657 2530; x_wconf 83' lang='grc' dir='ltr'>τούς</span> <span class='ocrx_word' id='word_1_174' title='bbox 678 2453 765 2539; x_wconf 80' lang='grc' dir='ltr'><strong><em>παρά</em></strong></span> <span class='ocrx_word' id='word_1_175' title='bbox 791 2458 847 2519; x_wconf 79' lang='grc' dir='ltr'><strong><em>τοῦ</em></strong></span> <span class='ocrx_word' id='word_1_176' title='bbox 870 2452 1052 2549; x_wconf 79' lang='grc' dir='ltr'><strong><em>οίποστάτου</em></strong></span> <span class='ocrx_word' id='word_1_177' title='bbox 1077 2452 1193 2540; x_wconf 78' lang='grc' dir='ltr'><strong><em>τυράν-</em></strong></span> 
     </span>
     <span class='ocr_line' id='line_1_23' title="bbox 92 2554 1192 2645; baseline -0.004 -20"><span class='ocrx_word' id='word_1_178' title='bbox 92 2580 147 2625; x_wconf 90' lang='grc' dir='ltr'>νου</span> <span class='ocrx_word' id='word_1_179' title='bbox 170 2559 471 2644; x_wconf 74' lang='grc' dir='ltr'><strong><em>διασκορπισθέντας</em></strong></span> <span class='ocrx_word' id='word_1_180' title='bbox 495 2558 687 2632; x_wconf 84' lang='grc' dir='ltr'><strong><em>Ἰιοαννίτας.</em></strong></span> <span class='ocrx_word' id='word_1_181' title='bbox 732 2555 802 2622; x_wconf 85' lang='grc' dir='ltr'><strong><em>τότε</em></strong></span> <span class='ocrx_word' id='word_1_182' title='bbox 825 2560 932 2622; x_wconf 87' lang='grc' dir='ltr'><strong><em>τοίνυν</em></strong></span> <span class='ocrx_word' id='word_1_183' title='bbox 956 2554 973 2621; x_wconf 81' lang='grc' dir='ltr'><em>ὅ</em></span> <span class='ocrx_word' id='word_1_184' title='bbox 995 2558 1114 2645; x_wconf 77' lang='grc' dir='ltr'><strong><em>Ἰζοιοῦ,</em></strong></span> <span class='ocrx_word' id='word_1_185' title='bbox 1136 2580 1192 2644; x_wconf 82' lang='lat' dir='ltr'>ps·</span> 
     </span>
    </p>
   </div>
   <div class='ocr_carea' id='block_1_3' title="bbox 94 2844 1259 3135">
    <p class='ocr_par' dir='ltr' id='par_1_9' title="bbox 94 2844 1259 3135">
     <span class='ocr_line' id='line_1_24' title="bbox 94 2844 1259 2923; baseline 0.001 -18"><span class='ocrx_word' id='word_1_186' title='bbox 94 2871 153 2923; x_wconf 80' lang='lat' dir='ltr'>gem</span> <span class='ocrx_word' id='word_1_187' title='bbox 187 2853 296 2923; x_wconf 79' lang='lat' dir='ltr'>reginae</span> <span class='ocrx_word' id='word_1_188' title='bbox 322 2859 500 2923; x_wconf 88' lang='lat' dir='ltr'>proponunt,</span> <span class='ocrx_word' id='word_1_189' title='bbox 532 2868 623 2923; x_wconf 88' lang='lat' dir='ltr'>neque</span> <span class='ocrx_word' id='word_1_190' title='bbox 660 2852 775 2904; x_wconf 86' lang='lat' dir='ltr'>muitum</span> <span class='ocrx_word' id='word_1_191' title='bbox 808 2850 934 2903; x_wconf 76' lang='lat' dir='ltr'>interfuit</span> <span class='ocrx_word' id='word_1_192' title='bbox 970 2858 1094 2921; x_wconf 86' lang='lat' dir='ltr'>tempus,</span> <span class='ocrx_word' id='word_1_193' title='bbox 1133 2868 1194 2906; x_wconf 86' lang='lat' dir='ltr'>cum</span> <span class='ocrx_word' id='word_1_194' title='bbox 1254 2844 1259 2854; x_wconf 72' lang='grc'>’</span> 
     </span>
     <span class='ocr_line' id='line_1_25' title="bbox 94 2922 1195 2994; baseline 0 -15"><span class='ocrx_word' id='word_1_195' title='bbox 94 2925 215 2979; x_wconf 82' lang='lat' dir='ltr'>Michssl</span> <span class='ocrx_word' id='word_1_196' title='bbox 241 2925 358 2994; x_wconf 73' lang='lat' dir='ltr'>Apsarus</span> <span class='ocrx_word' id='word_1_197' title='bbox 381 2924 602 2978; x_wconf 85' lang='lat' dir='ltr'>Protovestiarius</span> <span class='ocrx_word' id='word_1_198' title='bbox 632 2942 690 2976; x_wconf 87' lang='lat' dir='ltr'>cum</span> <span class='ocrx_word' id='word_1_199' title='bbox 710 2923 773 2973; x_wconf 81' lang='lat' dir='ltr'>titiis</span> <span class='ocrx_word' id='word_1_200' title='bbox 798 2923 852 2973; x_wconf 90' lang='lat' dir='ltr'>suis</span> <span class='ocrx_word' id='word_1_201' title='bbox 871 2924 899 2973; x_wconf 91' lang='lat' dir='ltr'>in</span> <span class='ocrx_word' id='word_1_202' title='bbox 917 2922 1147 2976; x_wconf 83' lang='lat' dir='ltr'>vincuiadsretur</span> <span class='ocrx_word' id='word_1_203' title='bbox 1166 2933 1195 2979; x_wconf 84' lang='lat' dir='ltr'>st</span> 
     </span>
     <span class='ocr_line' id='line_1_26' title="bbox 96 2992 1194 3067; baseline -0.002 -18"><span class='ocrx_word' id='word_1_204' title='bbox 96 2998 181 3049; x_wconf 89' lang='lat' dir='ltr'>oculis</span> <span class='ocrx_word' id='word_1_205' title='bbox 209 2998 311 3049; x_wconf 80' lang='lat' dir='ltr'>effossis</span> <span class='ocrx_word' id='word_1_206' title='bbox 337 3006 431 3067; x_wconf 84' lang='lat' dir='ltr'>postea</span> <span class='ocrx_word' id='word_1_207' title='bbox 447 2996 603 3047; x_wconf 76' lang='lat' dir='ltr'>mitteretur</span> <span class='ocrx_word' id='word_1_208' title='bbox 625 2993 796 3058; x_wconf 82' lang='lat' dir='ltr'>inexilium,</span> <span class='ocrx_word' id='word_1_209' title='bbox 825 2992 878 3045; x_wconf 90' lang='lat' dir='ltr'>hoc</span> <span class='ocrx_word' id='word_1_210' title='bbox 895 2994 967 3043; x_wconf 86' lang='lat' dir='ltr'>enim</span> <span class='ocrx_word' id='word_1_211' title='bbox 987 2993 1068 3045; x_wconf 84' lang='lat' dir='ltr'>modo</span> <span class='ocrx_word' id='word_1_212' title='bbox 1089 2994 1194 3047; x_wconf 86' lang='lat' dir='ltr'>disboti</span> 
     </span>
     <span class='ocr_line' id='line_1_27' title="bbox 95 3063 1195 3135; baseline -0.001 -15"><span class='ocrx_word' id='word_1_213' title='bbox 95 3086 141 3121; x_wconf 87' lang='lat' dir='ltr'>eos</span> <span class='ocrx_word' id='word_1_214' title='bbox 170 3070 303 3121; x_wconf 79' lang='lat' dir='ltr'>honorare</span> <span class='ocrx_word' id='word_1_215' title='bbox 332 3069 441 3131; x_wconf 86' lang='lat' dir='ltr'>solent,</span> <span class='ocrx_word' id='word_1_216' title='bbox 467 3068 514 3135; x_wconf 92' lang='lat' dir='ltr'>qui</span> <span class='ocrx_word' id='word_1_217' title='bbox 541 3082 587 3118; x_wconf 90' lang='lat' dir='ltr'>eos</span> <span class='ocrx_word' id='word_1_218' title='bbox 614 3066 765 3125; x_wconf 84' lang='lat' dir='ltr'>honorant,</span> <span class='ocrx_word' id='word_1_219' title='bbox 792 3073 819 3116; x_wconf 94' lang='lat' dir='ltr'>et</span> <span class='ocrx_word' id='word_1_220' title='bbox 851 3064 913 3115; x_wconf 83' lang='lat' dir='ltr'>talis</span> <span class='ocrx_word' id='word_1_221' title='bbox 937 3063 1007 3115; x_wconf 87' lang='lat' dir='ltr'>dona</span> <span class='ocrx_word' id='word_1_222' title='bbox 1027 3065 1120 3118; x_wconf 84' lang='lat' dir='ltr'>amicis</span> <span class='ocrx_word' id='word_1_223' title='bbox 1138 3066 1195 3119; x_wconf 90' lang='lat' dir='ltr'>suis</span> 
     </span>
    </p>
   </div>
   <div class='ocr_carea' id='block_1_4' title="bbox 95 3141 228 3193">
    <p class='ocr_par' dir='ltr' id='par_1_10' title="bbox 95 3141 228 3193">
     <span class='ocr_line' id='line_1_28' title="bbox 95 3141 228 3193; baseline 0.008 -1"><span class='ocrx_word' id='word_1_224' title='bbox 95 3141 228 3193; x_wconf 85' lang='lat' dir='ltr'>tribuunt.</span> 
     </span>
    </p>
   </div>
   <div class='ocr_carea' id='block_1_5' title="bbox 93 3213 1194 3725">
    <p class='ocr_par' dir='ltr' id='par_1_11' title="bbox 93 3213 1194 3725">
     <span class='ocr_line' id='line_1_29' title="bbox 194 3213 1193 3297; baseline -0.003 -17"><span class='ocrx_word' id='word_1_225' title='bbox 194 3213 273 3281; x_wconf 75' lang='lat' dir='ltr'>Certe</span> <span class='ocrx_word' id='word_1_226' title='bbox 291 3236 354 3297; x_wconf 84' lang='lat' dir='ltr'>post</span> <span class='ocrx_word' id='word_1_227' title='bbox 371 3226 427 3278; x_wconf 85' lang='lat' dir='ltr'>dies</span> <span class='ocrx_word' id='word_1_228' title='bbox 446 3245 547 3296; x_wconf 86' lang='lat' dir='ltr'>paucos</span> <span class='ocrx_word' id='word_1_229' title='bbox 568 3229 644 3279; x_wconf 81' lang='lat' dir='ltr'>lsaus</span> <span class='ocrx_word' id='word_1_230' title='bbox 666 3224 786 3286; x_wconf 82' lang='lat' dir='ltr'>advenit,</span> <span class='ocrx_word' id='word_1_231' title='bbox 813 3240 929 3294; x_wconf 87' lang='lat' dir='ltr'>eumque</span> <span class='ocrx_word' id='word_1_232' title='bbox 947 3226 1087 3277; x_wconf 77' lang='lat' dir='ltr'>Ioanuitse</span> <span class='ocrx_word' id='word_1_233' title='bbox 1105 3226 1193 3277; x_wconf 78' lang='lat' dir='ltr'>unsui-</span> 
     </span>
     <span class='ocr_line' id='line_1_30' title="bbox 94 3296 1194 3369; baseline -0.004 -16"><span class='ocrx_word' id='word_1_234' title='bbox 94 3303 145 3354; x_wconf 91' lang='lat' dir='ltr'>bus</span> <span class='ocrx_word' id='word_1_235' title='bbox 163 3301 266 3369; x_wconf 90' lang='lat' dir='ltr'>supinis</span> <span class='ocrx_word' id='word_1_236' title='bbox 287 3300 430 3367; x_wconf 88' lang='lat' dir='ltr'>recipiunt,</span> <span class='ocrx_word' id='word_1_237' title='bbox 450 3307 478 3351; x_wconf 88' lang='lat' dir='ltr'>et</span> <span class='ocrx_word' id='word_1_238' title='bbox 497 3300 635 3351; x_wconf 86' lang='lat' dir='ltr'>dominum</span> <span class='ocrx_word' id='word_1_239' title='bbox 650 3314 727 3350; x_wconf 88' lang='lat' dir='ltr'>suurn</span> <span class='ocrx_word' id='word_1_240' title='bbox 747 3312 807 3347; x_wconf 87' lang='lat' dir='ltr'>eum</span> <span class='ocrx_word' id='word_1_241' title='bbox 826 3298 954 3361; x_wconf 81' lang='lat' dir='ltr'>salutant,</span> <span class='ocrx_word' id='word_1_242' title='bbox 976 3297 1020 3348; x_wconf 89' lang='lat' dir='ltr'>die</span> <span class='ocrx_word' id='word_1_243' title='bbox 1040 3296 1076 3351; x_wconf 83' lang='lat'>30</span> <span class='ocrx_word' id='word_1_244' title='bbox 1095 3298 1194 3349; x_wconf 84' lang='lat' dir='ltr'>mensis</span> 
     </span>
     <span class='ocr_line' id='line_1_31' title="bbox 93 3367 1193 3439; baseline -0.004 -14"><span class='ocrx_word' id='word_1_245' title='bbox 93 3373 224 3425; x_wconf 74' lang='lat' dir='ltr'><strong>Ianuarii.</strong></span> <span class='ocrx_word' id='word_1_246' title='bbox 267 3372 357 3422; x_wconf 87' lang='lat' dir='ltr'>statim</span> <span class='ocrx_word' id='word_1_247' title='bbox 377 3381 515 3423; x_wconf 88' lang='lat' dir='ltr'>arcessunt</span> <span class='ocrx_word' id='word_1_248' title='bbox 544 3368 705 3421; x_wconf 83' lang='lat' dir='ltr'>eVaiuchin</span> <span class='ocrx_word' id='word_1_249' title='bbox 736 3369 932 3438; x_wconf 76' lang='lat' dir='ltr'>imperatricem</span> <span class='ocrx_word' id='word_1_250' title='bbox 962 3371 991 3439; x_wconf 88' lang='lat' dir='ltr'>(i.</span> <span class='ocrx_word' id='word_1_251' title='bbox 1013 3386 1036 3421; x_wconf 91' lang='grc' dir='ltr'><strong><em>ε.</em></strong></span> <span class='ocrx_word' id='word_1_252' title='bbox 1057 3367 1193 3421; x_wconf 84' lang='lat' dir='ltr'>dominnm</span> 
     </span>
     <span class='ocr_line' id='line_1_32' title="bbox 93 3440 1194 3512; baseline -0.002 -17"><span class='ocrx_word' id='word_1_253' title='bbox 93 3447 219 3512; x_wconf 84' lang='lat' dir='ltr'>matrem)</span> <span class='ocrx_word' id='word_1_254' title='bbox 237 3443 456 3511; x_wconf 72' lang='lat' dir='ltr'>paranymphum,</span> <span class='ocrx_word' id='word_1_255' title='bbox 477 3460 547 3512; x_wconf 84' lang='lat' dir='ltr'>quse</span> <span class='ocrx_word' id='word_1_256' title='bbox 569 3459 629 3493; x_wconf 86' lang='lat' dir='ltr'>curn</span> <span class='ocrx_word' id='word_1_257' title='bbox 648 3440 785 3509; x_wconf 83' lang='lat' dir='ltr'>Stephano</span> <span class='ocrx_word' id='word_1_258' title='bbox 808 3440 941 3502; x_wconf 84' lang='lat' dir='ltr'>advenit,</span> <span class='ocrx_word' id='word_1_259' title='bbox 970 3449 997 3492; x_wconf 84' lang='lat' dir='ltr'>et</span> <span class='ocrx_word' id='word_1_260' title='bbox 1016 3443 1124 3509; x_wconf 84' lang='lat' dir='ltr'>nuptias</span> <span class='ocrx_word' id='word_1_261' title='bbox 1143 3458 1194 3510; x_wconf 83' lang='lat' dir='ltr'>pa-</span> 
     </span>
     <span class='ocr_line' id='line_1_33' title="bbox 95 3511 1193 3583; baseline -0.001 -18"><span class='ocrx_word' id='word_1_262' title='bbox 95 3516 178 3575; x_wconf 73' lang='lat' dir='ltr'>ravit,</span> <span class='ocrx_word' id='word_1_263' title='bbox 204 3522 232 3565; x_wconf 84' lang='lat' dir='ltr'>et</span> <span class='ocrx_word' id='word_1_264' title='bbox 259 3517 396 3583; x_wconf 72' lang='lat' dir='ltr'>sponsalia</span> <span class='ocrx_word' id='word_1_265' title='bbox 414 3515 550 3567; x_wconf 80' lang='lat' dir='ltr'>celebrata</span> <span class='ocrx_word' id='word_1_266' title='bbox 577 3522 654 3576; x_wconf 88' lang='lat' dir='ltr'>sunt,</span> <span class='ocrx_word' id='word_1_267' title='bbox 674 3520 702 3564; x_wconf 90' lang='lat' dir='ltr'>et</span> <span class='ocrx_word' id='word_1_268' title='bbox 723 3529 818 3579; x_wconf 84' lang='lat' dir='ltr'>magno</span> <span class='ocrx_word' id='word_1_269' title='bbox 847 3530 905 3563; x_wconf 83' lang='lat' dir='ltr'>curn</span> <span class='ocrx_word' id='word_1_270' title='bbox 925 3511 1022 3581; x_wconf 81' lang='lat' dir='ltr'>gaudio</span> <span class='ocrx_word' id='word_1_271' title='bbox 1041 3526 1193 3583; x_wconf 75' lang='lat' dir='ltr'>magosque</span> 
     </span>
     <span class='ocr_line' id='line_1_34' title="bbox 95 3582 1193 3653; baseline 0 -17"><span class='ocrx_word' id='word_1_272' title='bbox 95 3604 154 3636; x_wconf 88' lang='lat' dir='ltr'>cum</span> <span class='ocrx_word' id='word_1_273' title='bbox 175 3586 278 3637; x_wconf 80' lang='lat' dir='ltr'>laetitia</span> <span class='ocrx_word' id='word_1_274' title='bbox 298 3603 328 3636; x_wconf 85' lang='lat' dir='ltr'>ea</span> <span class='ocrx_word' id='word_1_275' title='bbox 358 3586 421 3637; x_wconf 85' lang='lat' dir='ltr'>urbs</span> <span class='ocrx_word' id='word_1_276' title='bbox 446 3587 577 3637; x_wconf 87' lang='lat' dir='ltr'>loannioa</span> <span class='ocrx_word' id='word_1_277' title='bbox 600 3594 654 3637; x_wconf 89' lang='lat' dir='ltr'>tum</span> <span class='ocrx_word' id='word_1_278' title='bbox 673 3582 785 3653; x_wconf 87' lang='lat' dir='ltr'>parabat</span> <span class='ocrx_word' id='word_1_279' title='bbox 811 3591 839 3634; x_wconf 80' lang='lat' dir='ltr'>et</span> <span class='ocrx_word' id='word_1_280' title='bbox 866 3582 1031 3635; x_wconf 84' lang='lat' dir='ltr'>celebrabat.</span> <span class='ocrx_word' id='word_1_281' title='bbox 1069 3582 1193 3636; x_wconf 87' lang='lat' dir='ltr'>domiuus</span> 
     </span>
     <span class='ocr_line' id='line_1_35' title="bbox 95 3650 1040 3725; baseline -0.001 -18"><span class='ocrx_word' id='word_1_282' title='bbox 95 3665 184 3708; x_wconf 80' lang='lat' dir='ltr'>autem</span> <span class='ocrx_word' id='word_1_283' title='bbox 204 3657 291 3708; x_wconf 87' lang='lat' dir='ltr'>bonus</span> <span class='ocrx_word' id='word_1_284' title='bbox 311 3673 403 3709; x_wconf 85' lang='lat' dir='ltr'>omues</span> <span class='ocrx_word' id='word_1_285' title='bbox 424 3666 480 3708; x_wconf 89' lang='lat' dir='ltr'>tum</span> <span class='ocrx_word' id='word_1_286' title='bbox 499 3650 641 3710; x_wconf 81' lang='lat' dir='ltr'>n&#39;aiseratus</span> <span class='ocrx_word' id='word_1_287' title='bbox 660 3664 754 3725; x_wconf 84' lang='lat' dir='ltr'>postea</span> <span class='ocrx_word' id='word_1_288' title='bbox 772 3657 799 3706; x_wconf 92' lang='lat' dir='ltr'>in</span> <span class='ocrx_word' id='word_1_289' title='bbox 820 3654 892 3706; x_wconf 86' lang='lat' dir='ltr'>bona</span> <span class='ocrx_word' id='word_1_290' title='bbox 914 3656 1040 3706; x_wconf 79' lang='lat' dir='ltr'>restituit.</span> 
     </span>
    </p>
   </div>
   <div class='ocr_carea' id='block_1_6' title="bbox 94 3743 1193 4247">
    <p class='ocr_par' dir='ltr' id='par_1_12' title="bbox 94 3743 1193 4247">
     <span class='ocr_line' id='line_1_36' title="bbox 195 3743 1191 3815; baseline 0.004 -21"><span class='ocrx_word' id='word_1_291' title='bbox 195 3745 282 3812; x_wconf 75' lang='lat' dir='ltr'>Atque</span> <span class='ocrx_word' id='word_1_292' title='bbox 303 3746 416 3813; x_wconf 83' lang='lat' dir='ltr'>primurn</span> <span class='ocrx_word' id='word_1_293' title='bbox 445 3745 554 3815; x_wconf 84' lang='lat' dir='ltr'>quidem</span> <span class='ocrx_word' id='word_1_294' title='bbox 583 3745 723 3796; x_wconf 85' lang='lat' dir='ltr'>ecclesiam</span> <span class='ocrx_word' id='word_1_295' title='bbox 748 3744 887 3813; x_wconf 85' lang='lat' dir='ltr'>componit</span> <span class='ocrx_word' id='word_1_296' title='bbox 908 3751 936 3795; x_wconf 82' lang='lat' dir='ltr'>et</span> <span class='ocrx_word' id='word_1_297' title='bbox 960 3743 1191 3814; x_wconf 84' lang='lat' dir='ltr'>archiepiscopum</span> 
     </span>
     <span class='ocr_line' id='line_1_37' title="bbox 94 3814 1191 3884; baseline -0.001 -16"><span class='ocrx_word' id='word_1_298' title='bbox 94 3817 153 3868; x_wconf 82' lang='lat' dir='ltr'>eius</span> <span class='ocrx_word' id='word_1_299' title='bbox 173 3814 340 3867; x_wconf 70' lang='lat' dir='ltr'>matthaeum</span> <span class='ocrx_word' id='word_1_300' title='bbox 360 3821 489 3881; x_wconf 73' lang='lat' dir='ltr'>arcessit,</span> <span class='ocrx_word' id='word_1_301' title='bbox 518 3826 546 3869; x_wconf 87' lang='lat' dir='ltr'>et</span> <span class='ocrx_word' id='word_1_302' title='bbox 568 3817 708 3868; x_wconf 80' lang='lat' dir='ltr'>ecclesiam</span> <span class='ocrx_word' id='word_1_303' title='bbox 737 3833 795 3866; x_wconf 88' lang='lat' dir='ltr'>cum</span> <span class='ocrx_word' id='word_1_304' title='bbox 822 3816 901 3866; x_wconf 90' lang='lat' dir='ltr'>bonis</span> <span class='ocrx_word' id='word_1_305' title='bbox 928 3823 956 3865; x_wconf 89' lang='lat' dir='ltr'>et</span> <span class='ocrx_word' id='word_1_306' title='bbox 975 3815 1191 3884; x_wconf 70' lang='lat' dir='ltr'>possessionibus</span> 
     </span>
     <span class='ocr_line' id='line_1_38' title="bbox 95 3880 1193 3956; baseline 0 -18"><span class='ocrx_word' id='word_1_307' title='bbox 95 3889 153 3939; x_wconf 87' lang='lat' dir='ltr'>eius</span> <span class='ocrx_word' id='word_1_308' title='bbox 173 3888 197 3936; x_wconf 87' lang='lat' dir='ltr'>si</span> <span class='ocrx_word' id='word_1_309' title='bbox 219 3887 311 3949; x_wconf 85' lang='lat' dir='ltr'>tradit,</span> <span class='ocrx_word' id='word_1_310' title='bbox 332 3898 359 3939; x_wconf 86' lang='lat' dir='ltr'>et</span> <span class='ocrx_word' id='word_1_311' title='bbox 377 3889 525 3939; x_wconf 86' lang='lat' dir='ltr'>honoribus</span> <span class='ocrx_word' id='word_1_312' title='bbox 545 3905 603 3939; x_wconf 88' lang='lat' dir='ltr'>eum</span> <span class='ocrx_word' id='word_1_313' title='bbox 619 3892 705 3950; x_wconf 83' lang='lat' dir='ltr'>effert,</span> <span class='ocrx_word' id='word_1_314' title='bbox 724 3886 823 3938; x_wconf 82' lang='lat' dir='ltr'>deiude</span> <span class='ocrx_word' id='word_1_315' title='bbox 845 3889 925 3937; x_wconf 84' lang='lat' dir='ltr'>etiam</span> <span class='ocrx_word' id='word_1_316' title='bbox 942 3903 997 3950; x_wconf 86' lang='lat' dir='ltr'>eos,</span> <span class='ocrx_word' id='word_1_317' title='bbox 1016 3880 1063 3956; x_wconf 68' lang='lat' dir='ltr'>qui</span> <span class='ocrx_word' id='word_1_318' title='bbox 1083 3890 1112 3937; x_wconf 94' lang='lat' dir='ltr'>in</span> <span class='ocrx_word' id='word_1_319' title='bbox 1131 3887 1193 3938; x_wconf 85' lang='lat' dir='ltr'>fini-</span> 
     </span>
     <span class='ocr_line' id='line_1_39' title="bbox 94 3959 1192 4028; baseline 0.001 -18"><span class='ocrx_word' id='word_1_320' title='bbox 94 3959 145 4011; x_wconf 87' lang='lat' dir='ltr'>bus</span> <span class='ocrx_word' id='word_1_321' title='bbox 165 3959 283 4011; x_wconf 79' lang='lat' dir='ltr'>externis</span> <span class='ocrx_word' id='word_1_322' title='bbox 302 3969 330 4011; x_wconf 91' lang='lat' dir='ltr'>et</span> <span class='ocrx_word' id='word_1_323' title='bbox 348 3961 376 4013; x_wconf 92' lang='lat' dir='ltr'>in</span> <span class='ocrx_word' id='word_1_324' title='bbox 394 3962 478 4011; x_wconf 84' lang='lat' dir='ltr'>esitio</span> <span class='ocrx_word' id='word_1_325' title='bbox 493 3969 577 4021; x_wconf 80' lang='lat' dir='ltr'>erant,</span> <span class='ocrx_word' id='word_1_326' title='bbox 598 3961 723 4022; x_wconf 82' lang='lat' dir='ltr'>arcessit,</span> <span class='ocrx_word' id='word_1_327' title='bbox 743 3959 879 4009; x_wconf 83' lang='lat' dir='ltr'>loanuitas</span> <span class='ocrx_word' id='word_1_328' title='bbox 903 3974 916 4007; x_wconf 85' lang='lat' dir='ltr'>a</span> <span class='ocrx_word' id='word_1_329' title='bbox 937 3967 1051 4025; x_wconf 81' lang='lat' dir='ltr'>tyranno</span> <span class='ocrx_word' id='word_1_330' title='bbox 1069 3967 1192 4028; x_wconf 78' lang='lat' dir='ltr'>apostate</span> 
     </span>
     <span class='ocr_line' id='line_1_40' title="bbox 96 4030 1191 4100; baseline -0.002 -18"><span class='ocrx_word' id='word_1_331' title='bbox 96 4030 232 4083; x_wconf 82' lang='lat' dir='ltr'>disiectos·</span> <span class='ocrx_word' id='word_1_332' title='bbox 270 4039 326 4084; x_wconf 88' lang='lat' dir='ltr'>turn</span> <span class='ocrx_word' id='word_1_333' title='bbox 354 4032 437 4100; x_wconf 78' lang='lat' dir='ltr'>igitur</span> <span class='ocrx_word' id='word_1_334' title='bbox 460 4033 548 4093; x_wconf 76' lang='lat' dir='ltr'>iesus,</span> <span class='ocrx_word' id='word_1_335' title='bbox 567 4031 666 4083; x_wconf 87' lang='lat' dir='ltr'>Christi</span> <span class='ocrx_word' id='word_1_336' title='bbox 687 4048 796 4092; x_wconf 82' lang='lat' dir='ltr'>sanans,</span> <span class='ocrx_word' id='word_1_337' title='bbox 814 4048 873 4081; x_wconf 86' lang='lat' dir='ltr'>cum</span> <span class='ocrx_word' id='word_1_338' title='bbox 892 4032 1018 4097; x_wconf 80' lang='lat' dir='ltr'>Angeiics</span> <span class='ocrx_word' id='word_1_339' title='bbox 1038 4031 1082 4098; x_wconf 88' lang='lat' dir='ltr'>pia</span> <span class='ocrx_word' id='word_1_340' title='bbox 1102 4030 1191 4098; x_wconf 77' lang='lat' dir='ltr'>regina</span> 
     </span>
     <span class='ocr_line' id='line_1_41' title="bbox 95 4100 1191 4174; baseline -0.001 -19"><span class='ocrx_word' id='word_1_341' title='bbox 95 4110 125 4155; x_wconf 85' lang='lat' dir='ltr'>st</span> <span class='ocrx_word' id='word_1_342' title='bbox 141 4101 275 4174; x_wconf 79' lang='lat' dir='ltr'>iusupho</span> <span class='ocrx_word' id='word_1_343' title='bbox 304 4120 364 4172; x_wconf 72' lang='lat' dir='ltr'>rege</span> <span class='ocrx_word' id='word_1_344' title='bbox 400 4102 587 4168; x_wconf 80' lang='lat' dir='ltr'>divinissimo,</span> <span class='ocrx_word' id='word_1_345' title='bbox 616 4119 734 4154; x_wconf 85' lang='lat' dir='ltr'>csrcsres</span> <span class='ocrx_word' id='word_1_346' title='bbox 750 4102 980 4165; x_wconf 74' lang='lat' dir='ltr'>,vacuefecerunt,</span> <span class='ocrx_word' id='word_1_347' title='bbox 1007 4100 1134 4155; x_wconf 86' lang='lat' dir='ltr'>bsrsthra</span> <span class='ocrx_word' id='word_1_348' title='bbox 1164 4108 1191 4154; x_wconf 88' lang='lat' dir='ltr'>st</span> 
     </span>
     <span class='ocr_line' id='line_1_42' title="bbox 95 4171 1189 4247; baseline -0.002 -18"><span class='ocrx_word' id='word_1_349' title='bbox 95 4188 215 4231; x_wconf 75' lang='grc' dir='ltr'><strong><em>ειωετιε</em></strong></span> <span class='ocrx_word' id='word_1_350' title='bbox 233 4183 379 4247; x_wconf 80' lang='lat' dir='ltr'>perpetuos</span> <span class='ocrx_word' id='word_1_351' title='bbox 397 4182 571 4247; x_wconf 73' lang='lat' dir='ltr'>aperuerunt</span> <span class='ocrx_word' id='word_1_352' title='bbox 590 4177 691 4230; x_wconf 79' lang='lat' dir='ltr'>snitum</span> <span class='ocrx_word' id='word_1_353' title='bbox 710 4173 875 4247; x_wconf 81' lang='lat' dir='ltr'>impudicum</span> <span class='ocrx_word' id='word_1_354' title='bbox 889 4179 1075 4239; x_wconf 77' lang='lat' dir='ltr'>coercuerunt,</span> <span class='ocrx_word' id='word_1_355' title='bbox 1096 4171 1189 4227; x_wconf 75' lang='lat' dir='ltr'>dones</span> 
     </span>
    </p>
   </div>
   <div class='ocr_carea' id='block_1_7' title="bbox 0 0 1446 4775">
    <p class='ocr_par' dir='ltr' id='par_1_13' title="bbox 0 0 1446 4775">
     <span class='ocr_line' id='line_1_43' title="bbox 0 0 1446 4775; baseline 0 0"><span class='ocrx_word' id='word_1_356' title='bbox 0 0 1446 4775; x_wconf 95' lang='lat' dir='ltr'> </span> 
     </span>
    </p>
   </div>
  </div>
 </body>
</html>
