<?xml version="1.0" encoding="UTF-8"?>
<!DOCTYPE html PUBLIC "-//W3C//DTD XHTML 1.0 Transitional//EN"
    "http://www.w3.org/TR/xhtml1/DTD/xhtml1-transitional.dtd">
<html xmlns="http://www.w3.org/1999/xhtml" xml:lang="en" lang="en">
 <head>
  <title>
</title>
<meta http-equiv="Content-Type" content="text/html;charset=utf-8" />
  <meta name='ocr-system' content='tesseract 3.04.00' />
  <meta name='ocr-capabilities' content='ocr_page ocr_carea ocr_par ocr_line ocrx_word'/>
</head>
<body>
  <div class='ocr_page' id='page_1' title='image "./historiapolitic01bekkgoog_0171.png"; bbox 0 0 2884 4775; ppageno 0'>
   <div class='ocr_carea' id='block_1_1' title="bbox 489 216 1214 328">
    <p class='ocr_par' dir='ltr' id='par_1_1' title="bbox 489 216 1214 328">
     <span class='ocr_line' id='line_1_1' title="bbox 489 216 1214 328; baseline 0.018 -14"><span class='ocrx_word' id='word_1_1' title='bbox 489 256 810 323; x_wconf 73' lang='lat' dir='ltr'>onrnraacfflct.</span> <span class='ocrx_word' id='word_1_2' title='bbox 965 293 973 298; x_wconf 93' lang='lat'>-</span> <span class='ocrx_word' id='word_1_3' title='bbox 1112 216 1178 328; x_wconf 75' lang='lat' dir='ltr'>toi</span> <span class='ocrx_word' id='word_1_4' title='bbox 1212 252 1214 257; x_wconf 80' lang='grc'>’</span> 
     </span>
    </p>
   </div>
   <div class='ocr_carea' id='block_1_2' title="bbox 2 389 1278 2673">
    <p class='ocr_par' dir='ltr' id='par_1_2' title="bbox 2 389 1278 2673">
     <span class='ocr_line' id='line_1_2' title="bbox 87 389 1186 489; baseline 0.006 -21"><span class='ocrx_word' id='word_1_5' title='bbox 87 403 186 468; x_wconf 72' lang='grc' dir='ltr'><strong><em>αὐτοῦ</em></strong></span> <span class='ocrx_word' id='word_1_6' title='bbox 214 399 358 483; x_wconf 84' lang='grc' dir='ltr'><strong><em>μεγιίλως</em></strong></span> <span class='ocrx_word' id='word_1_7' title='bbox 387 398 536 480; x_wconf 75' lang='grc' dir='ltr'>ἐγύνετοκ</span> <span class='ocrx_word' id='word_1_8' title='bbox 569 408 625 465; x_wconf 85' lang='grc' dir='ltr'>καί</span> <span class='ocrx_word' id='word_1_9' title='bbox 651 389 841 489; x_wconf 79' lang='grc' dir='ltr'><strong><em>ἐκατίβρεχε</em></strong></span> <span class='ocrx_word' id='word_1_10' title='bbox 871 406 906 470; x_wconf 86' lang='grc' dir='ltr'>τὸ</span> <span class='ocrx_word' id='word_1_11' title='bbox 929 409 1062 488; x_wconf 78' lang='grc' dir='ltr'><strong><em>,ιιαιδίοκ</em></strong></span> <span class='ocrx_word' id='word_1_12' title='bbox 1084 415 1186 475; x_wconf 70' lang='grc' dir='ltr'><strong><em>αὐτοῦ</em></strong></span> 
     </span>
     <span class='ocr_line' id='line_1_3' title="bbox 2 497 1186 592; baseline 0.012 -32"><span class='ocrx_word' id='word_1_13' title='bbox 2 553 3 560; x_wconf 72' lang='grc'><strong><em>,</em></strong></span> <span class='ocrx_word' id='word_1_14' title='bbox 87 504 140 566; x_wconf 86' lang='grc' dir='ltr'>καί</span> <span class='ocrx_word' id='word_1_15' title='bbox 159 498 218 564; x_wconf 82' lang='grc' dir='ltr'><strong><em>ίίλα</em></strong></span> <span class='ocrx_word' id='word_1_16' title='bbox 243 524 299 562; x_wconf 86' lang='grc' dir='ltr'>τοο</span> <span class='ocrx_word' id='word_1_17' title='bbox 322 497 361 562; x_wconf 73' lang='grc' dir='ltr'><strong><em>ια’</em></strong></span> <span class='ocrx_word' id='word_1_18' title='bbox 387 498 567 581; x_wconf 74' lang='grc' dir='ltr'><strong><em>φορίματα,</em></strong></span> <span class='ocrx_word' id='word_1_19' title='bbox 589 501 697 578; x_wconf 73' lang='grc' dir='ltr'><strong><em>καθώς</em></strong></span> <span class='ocrx_word' id='word_1_20' title='bbox 727 508 785 567; x_wconf 81' lang='grc' dir='ltr'>τοῦ</span> <span class='ocrx_word' id='word_1_21' title='bbox 806 508 950 589; x_wconf 79' lang='grc' dir='ltr'><strong><em>Χριστοῦ</em></strong></span> <span class='ocrx_word' id='word_1_22' title='bbox 970 509 1015 581; x_wconf 89' lang='grc' dir='ltr'>είς</span> <span class='ocrx_word' id='word_1_23' title='bbox 1037 509 1074 573; x_wconf 79' lang='grc' dir='ltr'>τὰ</span> <span class='ocrx_word' id='word_1_24' title='bbox 1096 507 1186 592; x_wconf 74' lang='grc' dir='ltr'><strong><em>πάθη</em></strong></span> 
     </span>
     <span class='ocr_line' id='line_1_4' title="bbox 85 593 1186 686; baseline 0.008 -22"><span class='ocrx_word' id='word_1_25' title='bbox 85 601 196 666; x_wconf 75' lang='grc' dir='ltr'>αὐτοῦ.</span> <span class='ocrx_word' id='word_1_26' title='bbox 239 593 315 681; x_wconf 72' lang='grc' dir='ltr'>η’τοι</span> <span class='ocrx_word' id='word_1_27' title='bbox 347 601 382 662; x_wconf 77' lang='grc' dir='ltr'>δὲ</span> <span class='ocrx_word' id='word_1_28' title='bbox 411 605 481 675; x_wconf 86' lang='grc' dir='ltr'>μετ’</span> <span class='ocrx_word' id='word_1_29' title='bbox 512 601 610 662; x_wconf 78' lang='grc' dir='ltr'><strong><em>αιίτοῦ</em></strong></span> <span class='ocrx_word' id='word_1_30' title='bbox 641 604 699 664; x_wconf 82' lang='grc' dir='ltr'>τοῦ</span> <span class='ocrx_word' id='word_1_31' title='bbox 725 602 926 686; x_wconf 76' lang='grc' dir='ltr'><em>πατριάρχου</em></span> <span class='ocrx_word' id='word_1_32' title='bbox 949 605 966 667; x_wconf 81' lang='lat' dir='ltr'>ri</span> <span class='ocrx_word' id='word_1_33' title='bbox 988 605 1186 684; x_wconf 74' lang='grc' dir='ltr'><strong><em>ἐνδοξότατος</em></strong></span> 
     </span>
     <span class='ocr_line' id='line_1_5' title="bbox 86 691 1185 791; baseline 0.007 -28"><span class='ocrx_word' id='word_1_34' title='bbox 86 695 203 781; x_wconf 72' lang='grc' dir='ltr'><strong><em>ἅρχων,</em></strong></span> <span class='ocrx_word' id='word_1_35' title='bbox 229 699 319 778; x_wconf 81' lang='grc' dir='ltr'><strong><em>κίρις</em></strong></span> <span class='ocrx_word' id='word_1_36' title='bbox 341 695 524 779; x_wconf 72' lang='grc' dir='ltr'>Δημήτριος</span> <span class='ocrx_word' id='word_1_37' title='bbox 546 691 870 786; x_wconf 77' lang='grc' dir='ltr'><strong><em>ὅΚαοτακοοζηιός,</em></strong></span> <span class='ocrx_word' id='word_1_38' title='bbox 891 709 947 769; x_wconf 87' lang='grc' dir='ltr'>καί</span> <span class='ocrx_word' id='word_1_39' title='bbox 968 705 984 767; x_wconf 84' lang='lat' dir='ltr'>o‘</span> <span class='ocrx_word' id='word_1_40' title='bbox 1008 706 1105 782; x_wconf 83' lang='grc' dir='ltr'><strong><em>αιίτὸς</em></strong></span> <span class='ocrx_word' id='word_1_41' title='bbox 1126 701 1185 791; x_wconf 76' lang='grc' dir='ltr'><strong><em>ἴκρ-</em></strong></span> 
     </span>
     <span class='ocr_line' id='line_1_6' title="bbox 59 792 1185 890; baseline 0.011 -33"><span class='ocrx_word' id='word_1_42' title='bbox 59 809 150 880; x_wconf 60' lang='lat' dir='ltr'>figor</span> <span class='ocrx_word' id='word_1_43' title='bbox 181 795 195 859; x_wconf 82' lang='grc' dir='ltr'><strong><em>ὁ</em></strong></span> <span class='ocrx_word' id='word_1_44' title='bbox 225 794 376 882; x_wconf 31' lang='grc' dir='ltr'><strong><em>Ξειιιίκης.</em></strong></span> <span class='ocrx_word' id='word_1_45' title='bbox 435 792 504 858; x_wconf 86' lang='grc' dir='ltr'>τότε</span> <span class='ocrx_word' id='word_1_46' title='bbox 537 798 749 876; x_wconf 60' lang='lat' dir='ltr'>noyer-atron*</span> <span class='ocrx_word' id='word_1_47' title='bbox 782 798 939 877; x_wconf 80' lang='grc' dir='ltr'><strong><em>ὁποσιᾶς</em></strong></span> <span class='ocrx_word' id='word_1_48' title='bbox 972 807 1185 890; x_wconf 79' lang='grc' dir='ltr'><strong><em>“πατρια’ρχη,</em></strong></span> 
     </span>
     <span class='ocr_line' id='line_1_7' title="bbox 86 893 1186 981; baseline 0.003 -21"><span class='ocrx_word' id='word_1_49' title='bbox 86 901 239 981; x_wconf 82' lang='grc' dir='ltr'>φεϊτιφιῖς</span> <span class='ocrx_word' id='word_1_50' title='bbox 257 896 370 977; x_wconf 77' lang='grc' dir='ltr'><strong><em>ειίγῆκε</em></strong></span> <span class='ocrx_word' id='word_1_51' title='bbox 393 899 449 958; x_wconf 89' lang='grc' dir='ltr'>καί</span> <span class='ocrx_word' id='word_1_52' title='bbox 468 893 601 976; x_wconf 84' lang='grc' dir='ltr'><strong><em>ὁρισμὸς</em></strong></span> <span class='ocrx_word' id='word_1_53' title='bbox 618 899 676 957; x_wconf 79' lang='grc' dir='ltr'>τοῦ</span> <span class='ocrx_word' id='word_1_54' title='bbox 692 902 864 977; x_wconf 81' lang='grc' dir='ltr'><strong><em>βασιλέως·</em></strong></span> <span class='ocrx_word' id='word_1_55' title='bbox 888 897 938 964; x_wconf 78' lang='grc' dir='ltr'>ὅτι</span> <span class='ocrx_word' id='word_1_56' title='bbox 963 902 1038 979; x_wconf 78' lang='grc' dir='ltr'>ἑοὺς</span> <span class='ocrx_word' id='word_1_57' title='bbox 1060 903 1089 967; x_wconf 89' lang='grc' dir='ltr'>οἱ</span> <span class='ocrx_word' id='word_1_58' title='bbox 1104 902 1186 969; x_wconf 86' lang='grc' dir='ltr'>Ῥω.</span> 
     </span>
     <span class='ocr_line' id='line_1_8' title="bbox 84 990 1187 1085; baseline 0.009 -27"><span class='ocrx_word' id='word_1_59' title='bbox 84 1006 176 1076; x_wconf 79' lang='grc' dir='ltr'><strong><em>μαῖαι</em></strong></span> <span class='ocrx_word' id='word_1_60' title='bbox 198 998 262 1057; x_wconf 76' lang='grc' dir='ltr'><strong><em>ε’δαῑ</em></strong></span> <span class='ocrx_word' id='word_1_61' title='bbox 282 996 327 1068; x_wconf 84' lang='grc' dir='ltr'>εἰς</span> <span class='ocrx_word' id='word_1_62' title='bbox 347 992 405 1076; x_wconf 69' lang='grc' dir='ltr'>την</span> <span class='ocrx_word' id='word_1_63' title='bbox 427 991 528 1072; x_wconf 80' lang='grc' dir='ltr'><strong><em>πόλιν,</em></strong></span> <span class='ocrx_word' id='word_1_64' title='bbox 550 996 625 1057; x_wconf 62' lang='lat' dir='ltr'>odda</span> <span class='ocrx_word' id='word_1_65' title='bbox 641 994 746 1066; x_wconf 61' lang='grc' dir='ltr'>εἰς’τιί</span> <span class='ocrx_word' id='word_1_66' title='bbox 770 990 851 1059; x_wconf 70' lang='grc' dir='ltr'><strong><em>ἄλλα</em></strong></span> <span class='ocrx_word' id='word_1_67' title='bbox 873 1000 994 1085; x_wconf 78' lang='grc' dir='ltr'><strong><em>κάστρη</em></strong></span> <span class='ocrx_word' id='word_1_68' title='bbox 1011 1007 1069 1065; x_wconf 78' lang='grc' dir='ltr'>τοῦ</span> <span class='ocrx_word' id='word_1_69' title='bbox 1090 1010 1187 1083; x_wconf 81' lang='grc' dir='ltr'><strong><em>βασι-</em></strong></span> 
     </span>
     <span class='ocr_line' id='line_1_9' title="bbox 85 1085 1187 1183; baseline 0.008 -26"><span class='ocrx_word' id='word_1_70' title='bbox 85 1097 172 1176; x_wconf 81' lang='grc' dir='ltr'><strong><em>λέως,</em></strong></span> <span class='ocrx_word' id='word_1_71' title='bbox 194 1093 279 1155; x_wconf 79' lang='grc' dir='ltr'>ὀποῦ</span> <span class='ocrx_word' id='word_1_72' title='bbox 300 1091 338 1155; x_wconf 63' lang='lat' dir='ltr'>ra*</span> <span class='ocrx_word' id='word_1_73' title='bbox 361 1090 482 1174; x_wconf 75' lang='grc' dir='ltr'><strong><em>ἐπῆραν</em></strong></span> <span class='ocrx_word' id='word_1_74' title='bbox 504 1090 540 1155; x_wconf 60' lang='grc' dir='ltr'>οῖ’</span> <span class='ocrx_word' id='word_1_75' title='bbox 556 1085 646 1155; x_wconf 75' lang='grc' dir='ltr'><strong><em>οἷλλοι</em></strong></span> <span class='ocrx_word' id='word_1_76' title='bbox 666 1097 828 1174; x_wconf 81' lang='grc' dir='ltr'><strong><em>βασιλεῖς,</em></strong></span> <span class='ocrx_word' id='word_1_77' title='bbox 849 1094 878 1158; x_wconf 83' lang='grc' dir='ltr'>οἱ</span> <span class='ocrx_word' id='word_1_78' title='bbox 900 1101 1187 1183; x_wconf 74' lang='grc' dir='ltr'>πρωτογολαητορες</span> 
     </span>
     <span class='ocr_line' id='line_1_10' title="bbox 86 1190 1188 1283; baseline 0.005 -24"><span class='ocrx_word' id='word_1_79' title='bbox 86 1197 196 1273; x_wconf 66' lang='grc' dir='ltr'>αὐτοῦ,</span> <span class='ocrx_word' id='word_1_80' title='bbox 227 1195 268 1271; x_wconf 83' lang='grc' dir='ltr'>μὲ</span> <span class='ocrx_word' id='word_1_81' title='bbox 300 1190 334 1256; x_wconf 84' lang='grc' dir='ltr'>τὸ</span> <span class='ocrx_word' id='word_1_82' title='bbox 358 1194 470 1272; x_wconf 77' lang='grc' dir='ltr'><strong><em>σπαθῆ</em></strong></span> <span class='ocrx_word' id='word_1_83' title='bbox 500 1214 595 1269; x_wconf 83' lang='grc' dir='ltr'>τους,</span> <span class='ocrx_word' id='word_1_84' title='bbox 618 1194 766 1273; x_wconf 77' lang='grc' dir='ltr'><strong><em>ἐκκλησία</em></strong></span> <span class='ocrx_word' id='word_1_85' title='bbox 797 1194 957 1281; x_wconf 79' lang='grc' dir='ltr'><strong><em>Ῥωμαίκη</em></strong></span> <span class='ocrx_word' id='word_1_86' title='bbox 988 1197 1027 1261; x_wconf 78' lang='lat' dir='ltr'>voi</span> <span class='ocrx_word' id='word_1_87' title='bbox 1057 1197 1103 1283; x_wconf 75' lang='grc' dir='ltr'>μη</span> <span class='ocrx_word' id='word_1_88' title='bbox 1133 1205 1188 1267; x_wconf 69' lang='lat' dir='ltr'>tto</span> 
     </span>
     <span class='ocr_line' id='line_1_11' title="bbox 42 1286 1188 1378; baseline 0.009 -26"><span class='ocrx_word' id='word_1_89' title='bbox 42 1300 77 1352; x_wconf 86' lang='grc'>10</span> <span class='ocrx_word' id='word_1_90' title='bbox 86 1292 166 1357; x_wconf 72' lang='grc' dir='ltr'><strong><em>ἔασι.</em></strong></span> <span class='ocrx_word' id='word_1_91' title='bbox 210 1291 265 1353; x_wconf 89' lang='grc' dir='ltr'>καί</span> <span class='ocrx_word' id='word_1_92' title='bbox 284 1293 353 1355; x_wconf 77' lang='grc' dir='ltr'><strong><em>εἰπὲ</em></strong></span> <span class='ocrx_word' id='word_1_93' title='bbox 369 1294 431 1354; x_wconf 70' lang='grc' dir='ltr'><strong><em>τοῖν</em></strong></span> <span class='ocrx_word' id='word_1_94' title='bbox 456 1291 613 1353; x_wconf 81' lang='grc' dir='ltr'>παποὶδοοι</span> <span class='ocrx_word' id='word_1_95' title='bbox 627 1313 706 1353; x_wconf 85' lang='grc' dir='ltr'>σου·</span> <span class='ocrx_word' id='word_1_96' title='bbox 758 1286 797 1355; x_wconf 75' lang='grc' dir='ltr'><strong><em>σ’ίκ</em></strong></span> <span class='ocrx_word' id='word_1_97' title='bbox 821 1290 916 1373; x_wconf 77' lang='grc' dir='ltr'><strong><em>ἔχουν</em></strong></span> <span class='ocrx_word' id='word_1_98' title='bbox 938 1295 1043 1378; x_wconf 68' lang='grc' dir='ltr'><strong><em>ρὀῦχα</em></strong></span> <span class='ocrx_word' id='word_1_99' title='bbox 1064 1303 1109 1372; x_wconf 85' lang='grc' dir='ltr'>είς</span> <span class='ocrx_word' id='word_1_100' title='bbox 1131 1299 1188 1374; x_wconf 82' lang='grc' dir='ltr'>τοὶς</span> 
     </span>
     <span class='ocr_line' id='line_1_12' title="bbox 86 1384 1187 1474; baseline 0.005 -19"><span class='ocrx_word' id='word_1_101' title='bbox 86 1393 251 1474; x_wconf 75' lang='grc' dir='ltr'><strong><em>ἐκκλησίας</em></strong></span> <span class='ocrx_word' id='word_1_102' title='bbox 277 1388 335 1468; x_wconf 79' lang='grc' dir='ltr'>τοὶς</span> <span class='ocrx_word' id='word_1_103' title='bbox 358 1392 469 1464; x_wconf 74' lang='grc' dir='ltr'><strong><em>-ἑδιιιές</em></strong></span> <span class='ocrx_word' id='word_1_104' title='bbox 490 1412 572 1465; x_wconf 84' lang='grc' dir='ltr'><strong><em>σας,</em></strong></span> <span class='ocrx_word' id='word_1_105' title='bbox 597 1386 678 1451; x_wconf 79' lang='grc' dir='ltr'>ὄποῦ</span> <span class='ocrx_word' id='word_1_106' title='bbox 706 1384 787 1453; x_wconf 78' lang='grc' dir='ltr'><strong><em>εἶναι</em></strong></span> <span class='ocrx_word' id='word_1_107' title='bbox 809 1392 866 1473; x_wconf 76' lang='grc' dir='ltr'>τῆς</span> <span class='ocrx_word' id='word_1_108' title='bbox 890 1390 975 1471; x_wconf 81' lang='grc' dir='ltr'><strong><em>τάξις</em></strong></span> <span class='ocrx_word' id='word_1_109' title='bbox 996 1420 1055 1468; x_wconf 87' lang='grc' dir='ltr'><strong><em>σας</em></strong></span> <span class='ocrx_word' id='word_1_110' title='bbox 1075 1398 1130 1460; x_wconf 84' lang='grc' dir='ltr'>καί</span> <span class='ocrx_word' id='word_1_111' title='bbox 1149 1399 1187 1461; x_wconf 72' lang='lat' dir='ltr'>rii</span> 
     </span>
     <span class='ocr_line' id='line_1_13' title="bbox 86 1483 1190 1575; baseline 0.008 -25"><span class='ocrx_word' id='word_1_112' title='bbox 86 1498 226 1573; x_wconf 79' lang='grc' dir='ltr'><strong><em>φορεῖτε,</em></strong></span> <span class='ocrx_word' id='word_1_113' title='bbox 246 1487 300 1551; x_wconf 89' lang='grc' dir='ltr'>καί</span> <span class='ocrx_word' id='word_1_114' title='bbox 317 1488 462 1569; x_wconf 84' lang='grc' dir='ltr'><strong><em>χαρτία,</em></strong></span> <span class='ocrx_word' id='word_1_115' title='bbox 491 1490 546 1550; x_wconf 85' lang='grc' dir='ltr'>καί</span> <span class='ocrx_word' id='word_1_116' title='bbox 566 1486 599 1551; x_wconf 85' lang='grc' dir='ltr'>εί</span> <span class='ocrx_word' id='word_1_117' title='bbox 617 1511 649 1551; x_wconf 83' lang='grc' dir='ltr'>τι</span> <span class='ocrx_word' id='word_1_118' title='bbox 683 1483 760 1551; x_wconf 75' lang='grc' dir='ltr'><strong><em>ἄλλο</em></strong></span> <span class='ocrx_word' id='word_1_119' title='bbox 783 1488 891 1571; x_wconf 80' lang='grc' dir='ltr'><strong><em>ἔχετε,</em></strong></span> <span class='ocrx_word' id='word_1_120' title='bbox 917 1493 1053 1575; x_wconf 82' lang='grc' dir='ltr'><strong><em>ἐπαρετὲ</em></strong></span> <span class='ocrx_word' id='word_1_121' title='bbox 1070 1520 1113 1575; x_wconf 46' lang='grc' dir='ltr'>,τα</span> <span class='ocrx_word' id='word_1_122' title='bbox 1134 1498 1190 1560; x_wconf 89' lang='grc' dir='ltr'>καί</span> 
     </span>
     <span class='ocr_line' id='line_1_14' title="bbox 88 1582 1189 1674; baseline 0.007 -23"><span class='ocrx_word' id='word_1_123' title='bbox 88 1588 145 1663; x_wconf 71' lang='grc' dir='ltr'>τὰς</span> <span class='ocrx_word' id='word_1_124' title='bbox 167 1591 331 1670; x_wconf 77' lang='grc' dir='ltr'><strong><em>ἐκκλησίας</em></strong></span> <span class='ocrx_word' id='word_1_125' title='bbox 344 1591 529 1672; x_wconf 83' lang='grc' dir='ltr'><strong><em>σφαλίσετε,</em></strong></span> <span class='ocrx_word' id='word_1_126' title='bbox 553 1582 600 1650; x_wconf 84' lang='grc' dir='ltr'>ὅτι</span> <span class='ocrx_word' id='word_1_127' title='bbox 621 1593 748 1667; x_wconf 77' lang='grc' dir='ltr'><strong><em>θίλωμε</em></strong></span> <span class='ocrx_word' id='word_1_128' title='bbox 764 1587 803 1651; x_wconf 80' lang='grc' dir='ltr'><em>κά</em></span> <span class='ocrx_word' id='word_1_129' title='bbox 825 1601 894 1664; x_wconf 87' lang='grc' dir='ltr'><strong><em>ταῖς</em></strong></span> <span class='ocrx_word' id='word_1_130' title='bbox 915 1592 1059 1674; x_wconf 76' lang='grc' dir='ltr'><strong><em>κάμοιμε,</em></strong></span> <span class='ocrx_word' id='word_1_131' title='bbox 1080 1596 1189 1669; x_wconf 78' lang='grc' dir='ltr'><strong><em>καθώς</em></strong></span> 
     </span>
     <span class='ocr_line' id='line_1_15' title="bbox 86 1686 1188 1772; baseline 0.003 -23"><span class='ocrx_word' id='word_1_132' title='bbox 86 1688 188 1770; x_wconf 79' lang='grc' dir='ltr'><strong><em>ὁρίζει</em></strong></span> <span class='ocrx_word' id='word_1_133' title='bbox 218 1687 234 1749; x_wconf 80' lang='grc' dir='ltr'>ὁ</span> <span class='ocrx_word' id='word_1_134' title='bbox 269 1692 422 1772; x_wconf 80' lang='grc' dir='ltr'>φεῖτιφᾶς</span> <span class='ocrx_word' id='word_1_135' title='bbox 447 1686 540 1750; x_wconf 77' lang='grc' dir='ltr'><strong><em>καίί</em></strong></span> <span class='ocrx_word' id='word_1_136' title='bbox 570 1686 705 1769; x_wconf 81' lang='grc' dir='ltr'><strong><em>ὁρισμὸς</em></strong></span> <span class='ocrx_word' id='word_1_137' title='bbox 725 1692 782 1752; x_wconf 79' lang='grc' dir='ltr'>τοῦ</span> <span class='ocrx_word' id='word_1_138' title='bbox 803 1693 989 1768; x_wconf 81' lang='grc' dir='ltr'><strong><em>βασιλέως.”</em></strong></span> <span class='ocrx_word' id='word_1_139' title='bbox 1032 1688 1107 1756; x_wconf 64' lang='lat' dir='ltr'>tiri&amp;</span> <span class='ocrx_word' id='word_1_140' title='bbox 1126 1720 1188 1757; x_wconf 85' lang='grc' dir='ltr'><strong><em>πα.</em></strong></span> 
     </span>
     <span class='ocr_line' id='line_1_16' title="bbox 42 1785 1189 1873; baseline 0.009 -26"><span class='ocrx_word' id='word_1_141' title='bbox 42 1786 240 1871; x_wconf 77' lang='grc' dir='ltr'><strong><em>ιὸτριιίρχης</em></strong></span> <span class='ocrx_word' id='word_1_142' title='bbox 273 1790 430 1868; x_wconf 74' lang='grc' dir='ltr'><strong><em>α’πεκρίίλη</em></strong></span> <span class='ocrx_word' id='word_1_143' title='bbox 459 1785 581 1873; x_wconf 80' lang='grc' dir='ltr'><strong><em>μεγάλη</em></strong></span> <span class='ocrx_word' id='word_1_144' title='bbox 617 1789 656 1872; x_wconf 78' lang='grc' dir='ltr'>τῇ</span> <span class='ocrx_word' id='word_1_145' title='bbox 684 1790 793 1872; x_wconf 80' lang='grc' dir='ltr'><strong><em>φωνῇ,</em></strong></span> <span class='ocrx_word' id='word_1_146' title='bbox 819 1788 875 1851; x_wconf 86' lang='grc' dir='ltr'>καί</span> <span class='ocrx_word' id='word_1_147' title='bbox 903 1794 984 1871; x_wconf 79' lang='grc' dir='ltr'><strong><em>λέγει</em></strong></span> <span class='ocrx_word' id='word_1_148' title='bbox 1007 1795 1065 1853; x_wconf 79' lang='grc' dir='ltr'>τοῦ</span> <span class='ocrx_word' id='word_1_149' title='bbox 1086 1796 1189 1857; x_wconf 84' lang='grc' dir='ltr'><strong><em>πασιοῖ</em></strong></span> 
     </span>
     <span class='ocr_line' id='line_1_17' title="bbox 86 1880 1189 1973; baseline 0.007 -26"><span class='ocrx_word' id='word_1_150' title='bbox 86 1885 259 1949; x_wconf 66' lang='grc' dir='ltr'>ι-*σοολτοὶιε</span> <span class='ocrx_word' id='word_1_151' title='bbox 279 1908 364 1967; x_wconf 86' lang='grc' dir='ltr'>μου,</span> <span class='ocrx_word' id='word_1_152' title='bbox 402 1882 463 1961; x_wconf 82' lang='grc' dir='ltr'>ἔξω</span> <span class='ocrx_word' id='word_1_153' title='bbox 495 1883 557 1946; x_wconf 82' lang='grc' dir='ltr'><strong><em>α’πύ</em></strong></span> <span class='ocrx_word' id='word_1_154' title='bbox 580 1883 638 1966; x_wconf 74' lang='grc' dir='ltr'>τὴν</span> <span class='ocrx_word' id='word_1_155' title='bbox 661 1883 767 1962; x_wconf 82' lang='grc' dir='ltr'><strong><em>πόλιν,</em></strong></span> <span class='ocrx_word' id='word_1_156' title='bbox 796 1883 850 1948; x_wconf 72' lang='grc' dir='ltr'>διὰ</span> <span class='ocrx_word' id='word_1_157' title='bbox 881 1880 962 1951; x_wconf 69' lang='grc' dir='ltr'><strong><em>ἄλλα</em></strong></span> <span class='ocrx_word' id='word_1_158' title='bbox 991 1890 1111 1973; x_wconf 82' lang='grc' dir='ltr'><strong><em>κοίστρη</em></strong></span> <span class='ocrx_word' id='word_1_159' title='bbox 1135 1895 1189 1955; x_wconf 76' lang='grc' dir='ltr'>δέν</span> 
     </span>
     <span class='ocr_line' id='line_1_18' title="bbox 81 1978 1188 2077; baseline 0.005 -30"><span class='ocrx_word' id='word_1_160' title='bbox 81 1985 308 2073; x_wconf 28' lang='grc' dir='ltr'><strong><em>,ἀποκρίνομαα</em></strong></span> <span class='ocrx_word' id='word_1_161' title='bbox 362 1983 436 2066; x_wconf 86' lang='grc' dir='ltr'><strong><em>περί</em></strong></span> <span class='ocrx_word' id='word_1_162' title='bbox 472 1985 507 2046; x_wconf 80' lang='grc' dir='ltr'>δὲ</span> <span class='ocrx_word' id='word_1_163' title='bbox 537 1987 594 2077; x_wconf 68' lang='grc' dir='ltr'>τῆς</span> <span class='ocrx_word' id='word_1_164' title='bbox 612 1978 704 2056; x_wconf 87' lang='grc' dir='ltr'><strong><em>πόλις</em></strong></span> <span class='ocrx_word' id='word_1_165' title='bbox 728 1980 878 2064; x_wconf 76' lang='grc' dir='ltr'><strong><em>λέγωίτι</em></strong></span> <span class='ocrx_word' id='word_1_166' title='bbox 898 1988 941 2073; x_wconf 74' lang='grc' dir='ltr'>τῷ</span> <span class='ocrx_word' id='word_1_167' title='bbox 961 1990 1061 2072; x_wconf 74' lang='grc' dir='ltr'><strong><em>καιρῷ</em></strong></span> <span class='ocrx_word' id='word_1_168' title='bbox 1081 1992 1188 2077; x_wconf 77' lang='grc' dir='ltr'><strong><em>ἐκείνῳ</em></strong></span> 
     </span>
     <span class='ocr_line' id='line_1_19' title="bbox 86 2074 1188 2167; baseline 0.005 -24"><span class='ocrx_word' id='word_1_169' title='bbox 86 2081 169 2144; x_wconf 75' lang='grc' dir='ltr'>ὀποῦ</span> <span class='ocrx_word' id='word_1_170' title='bbox 192 2074 270 2164; x_wconf 78' lang='grc' dir='ltr'><strong><em>η’λθε</em></strong></span> <span class='ocrx_word' id='word_1_171' title='bbox 302 2079 341 2146; x_wconf 78' lang='grc' dir='ltr'><strong><em>κά</em></strong></span> <span class='ocrx_word' id='word_1_172' title='bbox 365 2078 526 2165; x_wconf 79' lang='grc' dir='ltr'><strong><em>πολεμὴσῃ</em></strong></span> <span class='ocrx_word' id='word_1_173' title='bbox 550 2081 608 2163; x_wconf 77' lang='grc' dir='ltr'>την</span> <span class='ocrx_word' id='word_1_174' title='bbox 637 2079 739 2162; x_wconf 70' lang='grc' dir='ltr'><strong><em>αὐτην</em></strong></span> <span class='ocrx_word' id='word_1_175' title='bbox 770 2078 862 2146; x_wconf 82' lang='grc' dir='ltr'><strong><em>πόλιν</em></strong></span> <span class='ocrx_word' id='word_1_176' title='bbox 883 2082 899 2143; x_wconf 83' lang='grc' dir='ltr'>ὁ</span> <span class='ocrx_word' id='word_1_177' title='bbox 921 2087 1057 2147; x_wconf 82' lang='grc' dir='ltr'><strong><em>σουλτοῖν</em></strong></span> <span class='ocrx_word' id='word_1_178' title='bbox 1075 2089 1188 2167; x_wconf 84' lang='grc' dir='ltr'><strong><em>Μεχε-</em></strong></span> 
     </span>
     <span class='ocr_line' id='line_1_20' title="bbox 85 2166 1278 2268; baseline 0.003 -24"><span class='ocrx_word' id='word_1_179' title='bbox 85 2182 193 2264; x_wconf 80' lang='grc' dir='ltr'><strong><em>μίτης,</em></strong></span> <span class='ocrx_word' id='word_1_180' title='bbox 213 2179 268 2245; x_wconf 78' lang='grc' dir='ltr'>τὸν</span> <span class='ocrx_word' id='word_1_181' title='bbox 288 2177 527 2263; x_wconf 79' lang='grc' dir='ltr'><strong><em>ἐπροσκτίκησακ</em></strong></span> <span class='ocrx_word' id='word_1_182' title='bbox 546 2182 602 2268; x_wconf 78' lang='grc' dir='ltr'>καί</span> <span class='ocrx_word' id='word_1_183' title='bbox 620 2184 678 2243; x_wconf 78' lang='grc' dir='ltr'>τοῦ</span> <span class='ocrx_word' id='word_1_184' title='bbox 697 2178 819 2244; x_wconf 78' lang='grc' dir='ltr'><strong><em>ἔδωκαν</em></strong></span> <span class='ocrx_word' id='word_1_185' title='bbox 840 2185 1059 2263; x_wconf 74' lang='grc' dir='ltr'><strong><em>θεληματικοῑς</em></strong></span> <span class='ocrx_word' id='word_1_186' title='bbox 1082 2183 1115 2247; x_wconf 82' lang='grc' dir='ltr'>τὸ</span> <span class='ocrx_word' id='word_1_187' title='bbox 1130 2183 1188 2247; x_wconf 83' lang='grc' dir='ltr'><strong><em>κοί-</em></strong></span> <span class='ocrx_word' id='word_1_188' title='bbox 1251 2166 1278 2181; x_wconf 30' lang='grc' dir='ltr'>Η</span> 
     </span>
     <span class='ocr_line' id='line_1_21' title="bbox 38 2275 1189 2362; baseline 0.003 -17"><span class='ocrx_word' id='word_1_189' title='bbox 38 2285 183 2362; x_wconf 68' lang='grc' dir='ltr'>ἳθστρον</span> <span class='ocrx_word' id='word_1_190' title='bbox 212 2275 284 2343; x_wconf 77' lang='grc' dir='ltr'>ὅτε</span> <span class='ocrx_word' id='word_1_191' title='bbox 315 2277 467 2359; x_wconf 76' lang='grc' dir='ltr'><strong><em>βασιλεὺς</em></strong></span> <span class='ocrx_word' id='word_1_192' title='bbox 495 2284 734 2353; x_wconf 80' lang='grc' dir='ltr'>Κοοισταιτῖκος</span> <span class='ocrx_word' id='word_1_193' title='bbox 769 2278 785 2341; x_wconf 84' lang='grc' dir='ltr'>ὁ</span> <span class='ocrx_word' id='word_1_194' title='bbox 817 2280 1042 2362; x_wconf 86' lang='grc' dir='ltr'><strong><em>Παλαιολόγος</em></strong></span> <span class='ocrx_word' id='word_1_195' title='bbox 1072 2284 1127 2347; x_wconf 86' lang='grc' dir='ltr'>καί</span> <span class='ocrx_word' id='word_1_196' title='bbox 1159 2284 1189 2347; x_wconf 82' lang='grc' dir='ltr'>οἱ</span> 
     </span>
     <span class='ocr_line' id='line_1_22' title="bbox 86 2372 1188 2464; baseline 0.006 -23"><span class='ocrx_word' id='word_1_197' title='bbox 86 2376 241 2463; x_wconf 75' lang='grc' dir='ltr'>ἄρχοντες</span> <span class='ocrx_word' id='word_1_198' title='bbox 273 2380 373 2443; x_wconf 71' lang='grc' dir='ltr'><strong><em>αὐτοῦ</em></strong></span> <span class='ocrx_word' id='word_1_199' title='bbox 394 2383 450 2442; x_wconf 86' lang='grc' dir='ltr'>καί</span> <span class='ocrx_word' id='word_1_200' title='bbox 469 2377 485 2441; x_wconf 82' lang='grc' dir='ltr'>ὁ</span> <span class='ocrx_word' id='word_1_201' title='bbox 506 2381 610 2454; x_wconf 85' lang='grc' dir='ltr'><strong><em>λαός.”</em></strong></span> <span class='ocrx_word' id='word_1_202' title='bbox 663 2379 705 2456; x_wconf 76' lang='grc' dir='ltr'>ὥς</span> <span class='ocrx_word' id='word_1_203' title='bbox 739 2372 806 2443; x_wconf 84' lang='grc' dir='ltr'><strong><em>εἶπε</em></strong></span> <span class='ocrx_word' id='word_1_204' title='bbox 827 2383 863 2443; x_wconf 78' lang='grc' dir='ltr'>δὲ</span> <span class='ocrx_word' id='word_1_205' title='bbox 889 2379 965 2457; x_wconf 85' lang='grc' dir='ltr'>τούς</span> <span class='ocrx_word' id='word_1_206' title='bbox 984 2381 1093 2464; x_wconf 83' lang='grc' dir='ltr'>λόγους</span> <span class='ocrx_word' id='word_1_207' title='bbox 1114 2381 1188 2448; x_wconf 78' lang='grc' dir='ltr'><strong><em>κου’-</em></strong></span> 
     </span>
     <span class='ocr_line' id='line_1_23' title="bbox 87 2475 1188 2562; baseline 0.005 -20"><span class='ocrx_word' id='word_1_208' title='bbox 87 2501 162 2553; x_wconf 85' lang='grc' dir='ltr'>τοσς</span> <span class='ocrx_word' id='word_1_209' title='bbox 184 2477 202 2540; x_wconf 80' lang='grc' dir='ltr'><em>ὅ</em></span> <span class='ocrx_word' id='word_1_210' title='bbox 222 2475 421 2562; x_wconf 74' lang='grc' dir='ltr'><strong><em>πατριάρχης</em></strong></span> <span class='ocrx_word' id='word_1_211' title='bbox 435 2482 494 2541; x_wconf 79' lang='grc' dir='ltr'>τοῦ</span> <span class='ocrx_word' id='word_1_212' title='bbox 514 2481 623 2562; x_wconf 79' lang='grc' dir='ltr'><strong><em>πασιοῖ,</em></strong></span> <span class='ocrx_word' id='word_1_213' title='bbox 647 2480 805 2559; x_wconf 76' lang='grc' dir='ltr'><strong><em>ἀπεκρίθη</em></strong></span> <span class='ocrx_word' id='word_1_214' title='bbox 827 2485 882 2543; x_wconf 89' lang='grc' dir='ltr'>καί</span> <span class='ocrx_word' id='word_1_215' title='bbox 902 2482 960 2543; x_wconf 78' lang='grc' dir='ltr'>τοῦ</span> <span class='ocrx_word' id='word_1_216' title='bbox 979 2476 1047 2545; x_wconf 88' lang='grc' dir='ltr'><strong><em>είπε</em></strong></span> <span class='ocrx_word' id='word_1_217' title='bbox 1068 2486 1188 2548; x_wconf 71' lang='grc' dir='ltr'>ιιταῦτα</span> 
     </span>
     <span class='ocr_line' id='line_1_24' title="bbox 86 2571 1187 2673; baseline 0.005 -35"><span class='ocrx_word' id='word_1_218' title='bbox 86 2575 128 2639; x_wconf 84' lang='grc' dir='ltr'>τοὶ</span> <span class='ocrx_word' id='word_1_219' title='bbox 149 2576 239 2659; x_wconf 88' lang='grc' dir='ltr'><strong><em>λόγια</em></strong></span> <span class='ocrx_word' id='word_1_220' title='bbox 261 2577 341 2639; x_wconf 77' lang='grc' dir='ltr'>ὀποῦ</span> <span class='ocrx_word' id='word_1_221' title='bbox 365 2571 468 2657; x_wconf 77' lang='grc' dir='ltr'><strong><em>εἶπες,</em></strong></span> <span class='ocrx_word' id='word_1_222' title='bbox 495 2575 580 2673; x_wconf 74' lang='grc' dir='ltr'><strong><em>ἔχεις</em></strong></span> <span class='ocrx_word' id='word_1_223' title='bbox 600 2578 763 2660; x_wconf 82' lang='grc' dir='ltr'>μάρτυρες</span> <span class='ocrx_word' id='word_1_224' title='bbox 787 2577 1082 2660; x_wconf 82' lang='grc' dir='ltr'>Μοοσοσλμοίκοσς,</span> <span class='ocrx_word' id='word_1_225' title='bbox 1106 2578 1187 2644; x_wconf 81' lang='grc' dir='ltr'>ὅποῦ</span> 
     </span>
    </p>
   </div>
   <div class='ocr_carea' id='block_1_3' title="bbox 73 2837 1200 4185">
    <p class='ocr_par' dir='ltr' id='par_1_3' title="bbox 73 2837 1200 4185">
     <span class='ocr_line' id='line_1_25' title="bbox 84 2837 1187 2914; baseline 0.002 -18"><span class='ocrx_word' id='word_1_226' title='bbox 84 2837 236 2896; x_wconf 84' lang='lat' dir='ltr'>clinatione</span> <span class='ocrx_word' id='word_1_227' title='bbox 255 2848 372 2914; x_wconf 74' lang='lat' dir='ltr'>pectoris</span> <span class='ocrx_word' id='word_1_228' title='bbox 393 2847 464 2898; x_wconf 78' lang='lat' dir='ltr'>sacta</span> <span class='ocrx_word' id='word_1_229' title='bbox 482 2847 560 2904; x_wconf 64' lang='lat' dir='ltr'>‚atotit</span> <span class='ocrx_word' id='word_1_230' title='bbox 577 2863 665 2897; x_wconf 86' lang='lat' dir='ltr'>coram</span> <span class='ocrx_word' id='word_1_231' title='bbox 687 2846 782 2907; x_wconf 76' lang='lat' dir='ltr'>baraia,</span> <span class='ocrx_word' id='word_1_232' title='bbox 801 2848 932 2914; x_wconf 79' lang='lat' dir='ltr'>aspiciens</span> <span class='ocrx_word' id='word_1_233' title='bbox 951 2863 997 2898; x_wconf 80' lang='lat' dir='ltr'>eoa</span> <span class='ocrx_word' id='word_1_234' title='bbox 1014 2855 1042 2898; x_wconf 86' lang='lat' dir='ltr'>et</span> <span class='ocrx_word' id='word_1_235' title='bbox 1058 2847 1187 2898; x_wconf 77' lang='lat' dir='ltr'>maiesta-</span> 
     </span>
     <span class='ocr_line' id='line_1_26' title="bbox 85 2916 1186 2987; baseline 0.002 -21"><span class='ocrx_word' id='word_1_236' title='bbox 85 2925 141 2966; x_wconf 88' lang='lat' dir='ltr'>tem</span> <span class='ocrx_word' id='word_1_237' title='bbox 163 2933 254 2968; x_wconf 85' lang='lat' dir='ltr'>eorum</span> <span class='ocrx_word' id='word_1_238' title='bbox 273 2917 417 2968; x_wconf 77' lang='lat' dir='ltr'>admirans.</span> <span class='ocrx_word' id='word_1_239' title='bbox 466 2919 491 2967; x_wconf 90' lang='lat' dir='ltr'>ei</span> <span class='ocrx_word' id='word_1_240' title='bbox 510 2917 593 2966; x_wconf 78' lang='lat' dir='ltr'>nudor</span> <span class='ocrx_word' id='word_1_241' title='bbox 613 2918 735 2986; x_wconf 86' lang='lat' dir='ltr'>undique</span> <span class='ocrx_word' id='word_1_242' title='bbox 762 2935 776 2967; x_wconf 85' lang='lat' dir='ltr'>e</span> <span class='ocrx_word' id='word_1_243' title='bbox 796 2918 865 2968; x_wconf 80' lang='lat' dir='ltr'>facie</span> <span class='ocrx_word' id='word_1_244' title='bbox 883 2916 1008 2968; x_wconf 87' lang='lat' dir='ltr'>manabat</span> <span class='ocrx_word' id='word_1_245' title='bbox 1027 2925 1054 2967; x_wconf 93' lang='lat' dir='ltr'>et</span> <span class='ocrx_word' id='word_1_246' title='bbox 1072 2919 1186 2987; x_wconf 79' lang='lat' dir='ltr'>pallium</span> 
     </span>
     <span class='ocr_line' id='line_1_27' title="bbox 85 2987 1185 3056; baseline 0.002 -20"><span class='ocrx_word' id='word_1_247' title='bbox 85 2989 146 3036; x_wconf 82' lang='lat' dir='ltr'>eiua</span> <span class='ocrx_word' id='word_1_248' title='bbox 166 2987 352 3056; x_wconf 76' lang='lat' dir='ltr'>reliquamque</span> <span class='ocrx_word' id='word_1_249' title='bbox 370 2996 473 3038; x_wconf 70' lang='lat' dir='ltr'>vestem</span> <span class='ocrx_word' id='word_1_250' title='bbox 492 2987 605 3053; x_wconf 77' lang='lat' dir='ltr'>rigabat,</span> <span class='ocrx_word' id='word_1_251' title='bbox 628 2989 696 3038; x_wconf 77' lang='lat' dir='ltr'>sieut</span> <span class='ocrx_word' id='word_1_252' title='bbox 715 2987 822 3038; x_wconf 82' lang='lat' dir='ltr'>Christo</span> <span class='ocrx_word' id='word_1_253' title='bbox 843 2991 871 3037; x_wconf 91' lang='lat' dir='ltr'>in</span> <span class='ocrx_word' id='word_1_254' title='bbox 890 2988 1025 3056; x_wconf 79' lang='lat' dir='ltr'>supplicio</span> <span class='ocrx_word' id='word_1_255' title='bbox 1043 3003 1091 3038; x_wconf 77' lang='lat' dir='ltr'>tuo</span> <span class='ocrx_word' id='word_1_256' title='bbox 1113 2989 1185 3039; x_wconf 81' lang='lat' dir='ltr'>acci·</span> 
     </span>
     <span class='ocr_line' id='line_1_28' title="bbox 82 3056 1185 3126; baseline 0.002 -19"><span class='ocrx_word' id='word_1_257' title='bbox 82 3057 134 3107; x_wconf 88' lang='lat' dir='ltr'>dit.</span> <span class='ocrx_word' id='word_1_258' title='bbox 171 3057 284 3108; x_wconf 85' lang='lat' dir='ltr'>aderant</span> <span class='ocrx_word' id='word_1_259' title='bbox 301 3060 328 3107; x_wconf 90' lang='lat' dir='ltr'>in</span> <span class='ocrx_word' id='word_1_260' title='bbox 349 3067 425 3109; x_wconf 87' lang='lat' dir='ltr'>tanto</span> <span class='ocrx_word' id='word_1_261' title='bbox 445 3059 567 3126; x_wconf 83' lang='lat' dir='ltr'>periculo</span> <span class='ocrx_word' id='word_1_262' title='bbox 585 3056 752 3126; x_wconf 78' lang='lat' dir='ltr'>patriarchae</span> <span class='ocrx_word' id='word_1_263' title='bbox 771 3057 956 3108; x_wconf 74' lang='lat' dir='ltr'>nobilissimus</span> <span class='ocrx_word' id='word_1_264' title='bbox 978 3058 1103 3126; x_wconf 80' lang='lat' dir='ltr'>princeps</span> <span class='ocrx_word' id='word_1_265' title='bbox 1128 3060 1185 3109; x_wconf 87' lang='lat' dir='ltr'>De-</span> 
     </span>
     <span class='ocr_line' id='line_1_29' title="bbox 81 3127 1184 3196; baseline 0.003 -19"><span class='ocrx_word' id='word_1_266' title='bbox 81 3127 197 3177; x_wconf 76' lang='lat' dir='ltr'>metrius</span> <span class='ocrx_word' id='word_1_267' title='bbox 218 3129 420 3178; x_wconf 88' lang='lat' dir='ltr'>Cantacuzenus</span> <span class='ocrx_word' id='word_1_268' title='bbox 439 3136 468 3178; x_wconf 86' lang='lat' dir='ltr'>et</span> <span class='ocrx_word' id='word_1_269' title='bbox 486 3128 544 3196; x_wconf 86' lang='lat' dir='ltr'>ipsa</span> <span class='ocrx_word' id='word_1_270' title='bbox 565 3127 598 3177; x_wconf 89' lang='lat' dir='ltr'>de</span> <span class='ocrx_word' id='word_1_271' title='bbox 617 3145 671 3196; x_wconf 90' lang='lat' dir='ltr'>quo</span> <span class='ocrx_word' id='word_1_272' title='bbox 691 3127 802 3187; x_wconf 86' lang='lat' dir='ltr'>dictum,</span> <span class='ocrx_word' id='word_1_273' title='bbox 821 3127 945 3179; x_wconf 80' lang='lat' dir='ltr'>dominus</span> <span class='ocrx_word' id='word_1_274' title='bbox 966 3127 1095 3178; x_wconf 83' lang='lat' dir='ltr'>Xenacea.</span> <span class='ocrx_word' id='word_1_275' title='bbox 1118 3137 1184 3180; x_wconf 84' lang='lat' dir='ltr'>tuno</span> 
     </span>
     <span class='ocr_line' id='line_1_30' title="bbox 81 3197 1183 3267; baseline 0.003 -21"><span class='ocrx_word' id='word_1_276' title='bbox 81 3198 163 3247; x_wconf 83' lang='lat' dir='ltr'>bassa</span> <span class='ocrx_word' id='word_1_277' title='bbox 180 3199 312 3266; x_wconf 77' lang='lat' dir='ltr'>incipiens</span> <span class='ocrx_word' id='word_1_278' title='bbox 333 3198 516 3267; x_wconf 79' lang='lat' dir='ltr'>“patriarcha&#39;&#39;</span> <span class='ocrx_word' id='word_1_279' title='bbox 539 3199 638 3267; x_wconf 88' lang='lat' dir='ltr'>inquit,</span> <span class='ocrx_word' id='word_1_280' title='bbox 658 3199 750 3248; x_wconf 73' lang='lat' dir='ltr'>“audi.</span> <span class='ocrx_word' id='word_1_281' title='bbox 791 3197 912 3252; x_wconf 74' lang='lat' dir='ltr'>edictum</span> <span class='ocrx_word' id='word_1_282' title='bbox 933 3197 1000 3248; x_wconf 73' lang='lat' dir='ltr'>exiit</span> <span class='ocrx_word' id='word_1_283' title='bbox 1018 3199 1129 3264; x_wconf 82' lang='lat' dir='ltr'>regium,</span> <span class='ocrx_word' id='word_1_284' title='bbox 1149 3215 1183 3249; x_wconf 85' lang='lat' dir='ltr'>ne</span> 
     </span>
     <span class='ocr_line' id='line_1_31' title="bbox 81 3265 1184 3336; baseline 0.004 -20"><span class='ocrx_word' id='word_1_285' title='bbox 81 3268 163 3317; x_wconf 77' lang='lat' dir='ltr'>vobio</span> <span class='ocrx_word' id='word_1_286' title='bbox 186 3269 301 3330; x_wconf 86' lang='lat' dir='ltr'>Graecis,</span> <span class='ocrx_word' id='word_1_287' title='bbox 323 3271 421 3320; x_wconf 88' lang='lat' dir='ltr'>necin</span> <span class='ocrx_word' id='word_1_288' title='bbox 441 3270 489 3318; x_wconf 89' lang='lat' dir='ltr'>hac</span> <span class='ocrx_word' id='word_1_289' title='bbox 509 3268 575 3318; x_wconf 85' lang='lat' dir='ltr'>urbe</span> <span class='ocrx_word' id='word_1_290' title='bbox 594 3285 644 3319; x_wconf 86' lang='lat' dir='ltr'>nec</span> <span class='ocrx_word' id='word_1_291' title='bbox 665 3271 693 3318; x_wconf 88' lang='lat' dir='ltr'>in</span> <span class='ocrx_word' id='word_1_292' title='bbox 707 3268 767 3318; x_wconf 86' lang='lat' dir='ltr'>aliis</span> <span class='ocrx_word' id='word_1_293' title='bbox 788 3268 895 3336; x_wconf 86' lang='lat' dir='ltr'>oppidis</span> <span class='ocrx_word' id='word_1_294' title='bbox 915 3269 992 3334; x_wconf 80' lang='lat' dir='ltr'>regia,</span> <span class='ocrx_word' id='word_1_295' title='bbox 1010 3283 1080 3336; x_wconf 86' lang='lat' dir='ltr'>quae</span> <span class='ocrx_word' id='word_1_296' title='bbox 1099 3265 1184 3320; x_wconf 64' lang='lat' dir='ltr'>deteri</span> 
     </span>
     <span class='ocr_line' id='line_1_32' title="bbox 82 3339 1183 3405; baseline 0.001 -18"><span class='ocrx_word' id='word_1_297' title='bbox 82 3355 170 3405; x_wconf 77' lang='lat' dir='ltr'>reges,</span> <span class='ocrx_word' id='word_1_298' title='bbox 188 3339 299 3389; x_wconf 81' lang='lat' dir='ltr'>maiores</span> <span class='ocrx_word' id='word_1_299' title='bbox 318 3341 385 3402; x_wconf 81' lang='lat' dir='ltr'>eius,</span> <span class='ocrx_word' id='word_1_300' title='bbox 406 3348 505 3389; x_wconf 88' lang='lat' dir='ltr'>armata</span> <span class='ocrx_word' id='word_1_301' title='bbox 523 3355 602 3389; x_wconf 86' lang='lat' dir='ltr'>manu</span> <span class='ocrx_word' id='word_1_302' title='bbox 624 3341 665 3390; x_wconf 76' lang='lat' dir='ltr'>sui</span> <span class='ocrx_word' id='word_1_303' title='bbox 686 3341 753 3389; x_wconf 80' lang='lat' dir='ltr'>iuria</span> <span class='ocrx_word' id='word_1_304' title='bbox 774 3339 905 3400; x_wconf 83' lang='lat' dir='ltr'>fecerunt,</span> <span class='ocrx_word' id='word_1_305' title='bbox 927 3340 984 3388; x_wconf 86' lang='lat' dir='ltr'>ulia</span> <span class='ocrx_word' id='word_1_306' title='bbox 1004 3339 1105 3390; x_wconf 79' lang='lat' dir='ltr'>Graeca</span> <span class='ocrx_word' id='word_1_307' title='bbox 1125 3357 1183 3388; x_wconf 85' lang='lat' dir='ltr'>rna-</span> 
     </span>
     <span class='ocr_line' id='line_1_33' title="bbox 80 3409 1183 3476; baseline 0.001 -17"><span class='ocrx_word' id='word_1_308' title='bbox 80 3417 150 3459; x_wconf 91' lang='lat' dir='ltr'>neat</span> <span class='ocrx_word' id='word_1_309' title='bbox 172 3409 294 3459; x_wconf 79' lang='lat' dir='ltr'>ecclesia.</span> <span class='ocrx_word' id='word_1_310' title='bbox 341 3410 383 3459; x_wconf 89' lang='lat' dir='ltr'>dic</span> <span class='ocrx_word' id='word_1_311' title='bbox 402 3426 464 3476; x_wconf 84' lang='lat' dir='ltr'>ergo</span> <span class='ocrx_word' id='word_1_312' title='bbox 484 3409 669 3461; x_wconf 73' lang='lat' dir='ltr'>sacerdotibus</span> <span class='ocrx_word' id='word_1_313' title='bbox 690 3411 761 3460; x_wconf 76' lang='lat' dir='ltr'>tuis:</span> <span class='ocrx_word' id='word_1_314' title='bbox 794 3411 815 3460; x_wconf 81' lang='lat' dir='ltr'>ri</span> <span class='ocrx_word' id='word_1_315' title='bbox 837 3409 955 3460; x_wconf 80' lang='lat' dir='ltr'>habeant</span> <span class='ocrx_word' id='word_1_316' title='bbox 973 3413 1134 3460; x_wconf 82' lang='lat' dir='ltr'>vestimenta</span> <span class='ocrx_word' id='word_1_317' title='bbox 1154 3410 1183 3460; x_wconf 85' lang='lat' dir='ltr'>in</span> 
     </span>
     <span class='ocr_line' id='line_1_34' title="bbox 84 3479 1200 3549; baseline -0.001 -20"><span class='ocrx_word' id='word_1_318' title='bbox 84 3479 209 3529; x_wconf 75' lang='lat' dir='ltr'>ecclesiis</span> <span class='ocrx_word' id='word_1_319' title='bbox 226 3480 342 3542; x_wconf 81' lang='lat' dir='ltr'>vestris,</span> <span class='ocrx_word' id='word_1_320' title='bbox 365 3497 435 3548; x_wconf 86' lang='lat' dir='ltr'>qnae</span> <span class='ocrx_word' id='word_1_321' title='bbox 461 3489 553 3536; x_wconf 65' lang='lat' dir='ltr'>restro,</span> <span class='ocrx_word' id='word_1_322' title='bbox 580 3479 668 3530; x_wconf 87' lang='lat' dir='ltr'>ordini</span> <span class='ocrx_word' id='word_1_323' title='bbox 696 3481 806 3549; x_wconf 87' lang='lat' dir='ltr'>propria</span> <span class='ocrx_word' id='word_1_324' title='bbox 834 3489 897 3531; x_wconf 83' lang='lat' dir='ltr'>runt</span> <span class='ocrx_word' id='word_1_325' title='bbox 925 3488 953 3529; x_wconf 89' lang='lat' dir='ltr'>et</span> <span class='ocrx_word' id='word_1_326' title='bbox 974 3496 1043 3546; x_wconf 86' lang='lat' dir='ltr'>quae</span> <span class='ocrx_word' id='word_1_327' title='bbox 1064 3481 1200 3545; x_wconf 60' lang='lat' dir='ltr'>gestatis„</span> 
     </span>
     <span class='ocr_line' id='line_1_35' title="bbox 83 3549 1181 3620; baseline 0 -22"><span class='ocrx_word' id='word_1_328' title='bbox 83 3549 237 3617; x_wconf 87' lang='lat' dir='ltr'>eodemque</span> <span class='ocrx_word' id='word_1_329' title='bbox 259 3550 340 3600; x_wconf 87' lang='lat' dir='ltr'>modo</span> <span class='ocrx_word' id='word_1_330' title='bbox 371 3552 453 3601; x_wconf 80' lang='lat' dir='ltr'>libror</span> <span class='ocrx_word' id='word_1_331' title='bbox 475 3559 522 3601; x_wconf 86' lang='lat' dir='ltr'>aut</span> <span class='ocrx_word' id='word_1_332' title='bbox 540 3550 644 3620; x_wconf 86' lang='lat' dir='ltr'>aliquid</span> <span class='ocrx_word' id='word_1_333' title='bbox 664 3551 755 3612; x_wconf 87' lang='lat' dir='ltr'>aliud,</span> <span class='ocrx_word' id='word_1_334' title='bbox 775 3567 806 3600; x_wconf 89' lang='lat' dir='ltr'>ea</span> <span class='ocrx_word' id='word_1_335' title='bbox 826 3550 889 3601; x_wconf 88' lang='lat' dir='ltr'>inde</span> <span class='ocrx_word' id='word_1_336' title='bbox 912 3550 1044 3600; x_wconf 79' lang='lat' dir='ltr'>tollantur</span> <span class='ocrx_word' id='word_1_337' title='bbox 1065 3551 1181 3618; x_wconf 79' lang='lat' dir='ltr'>tempta-</span> 
     </span>
     <span class='ocr_line' id='line_1_36' title="bbox 80 3618 1181 3690; baseline 0 -22"><span class='ocrx_word' id='word_1_338' title='bbox 80 3636 138 3688; x_wconf 90' lang='lat' dir='ltr'>que</span> <span class='ocrx_word' id='word_1_339' title='bbox 156 3628 243 3670; x_wconf 75' lang='lat' dir='ltr'>vestra</span> <span class='ocrx_word' id='word_1_340' title='bbox 262 3621 435 3686; x_wconf 77' lang='lat' dir='ltr'>claudantur,</span> <span class='ocrx_word' id='word_1_341' title='bbox 454 3623 517 3690; x_wconf 86' lang='lat' dir='ltr'>quia</span> <span class='ocrx_word' id='word_1_342' title='bbox 547 3621 583 3671; x_wconf 74' lang='lat' dir='ltr'>‘de</span> <span class='ocrx_word' id='word_1_343' title='bbox 602 3619 643 3671; x_wconf 87' lang='lat' dir='ltr'>his</span> <span class='ocrx_word' id='word_1_344' title='bbox 665 3622 792 3672; x_wconf 83' lang='lat' dir='ltr'>faciemus</span> <span class='ocrx_word' id='word_1_345' title='bbox 812 3619 885 3688; x_wconf 87' lang='lat' dir='ltr'>quod</span> <span class='ocrx_word' id='word_1_346' title='bbox 914 3620 943 3670; x_wconf 92' lang='lat' dir='ltr'>in</span> <span class='ocrx_word' id='word_1_347' title='bbox 962 3618 1090 3670; x_wconf 83' lang='lat' dir='ltr'>mandato</span> <span class='ocrx_word' id='word_1_348' title='bbox 1112 3619 1181 3688; x_wconf 82' lang='lat' dir='ltr'>regii</span> 
     </span>
     <span class='ocr_line' id='line_1_37' title="bbox 78 3688 1179 3761; baseline 0.002 -23"><span class='ocrx_word' id='word_1_349' title='bbox 78 3690 166 3740; x_wconf 86' lang='lat' dir='ltr'>edicti</span> <span class='ocrx_word' id='word_1_350' title='bbox 185 3689 341 3741; x_wconf 77' lang='lat' dir='ltr'>habemua.’&#39;</span> <span class='ocrx_word' id='word_1_351' title='bbox 378 3692 416 3741; x_wconf 88' lang='lat' dir='ltr'>ibi</span> <span class='ocrx_word' id='word_1_352' title='bbox 436 3701 493 3742; x_wconf 86' lang='lat' dir='ltr'>tum</span> <span class='ocrx_word' id='word_1_353' title='bbox 511 3691 672 3761; x_wconf 86' lang='lat' dir='ltr'>patriarcha,</span> <span class='ocrx_word' id='word_1_354' title='bbox 694 3693 767 3742; x_wconf 82' lang='lat' dir='ltr'>clara</span> <span class='ocrx_word' id='word_1_355' title='bbox 784 3707 849 3741; x_wconf 84' lang='lat' dir='ltr'>voce</span> <span class='ocrx_word' id='word_1_356' title='bbox 868 3688 1041 3759; x_wconf 76' lang='lat' dir='ltr'>respondeus,</span> <span class='ocrx_word' id='word_1_357' title='bbox 1062 3689 1096 3739; x_wconf 87' lang='lat' dir='ltr'>ad</span> <span class='ocrx_word' id='word_1_358' title='bbox 1117 3690 1179 3740; x_wconf 80' lang='lat' dir='ltr'>bar-</span> 
     </span>
     <span class='ocr_line' id='line_1_38' title="bbox 77 3759 1178 3832; baseline 0.001 -23"><span class='ocrx_word' id='word_1_359' title='bbox 77 3777 138 3810; x_wconf 81' lang='lat' dir='ltr'>sam</span> <span class='ocrx_word' id='word_1_360' title='bbox 159 3761 224 3811; x_wconf 88' lang='lat' dir='ltr'>dicit</span> <span class='ocrx_word' id='word_1_361' title='bbox 242 3762 367 3812; x_wconf 75' lang='lat' dir='ltr'>“stritane</span> <span class='ocrx_word' id='word_1_362' title='bbox 386 3763 432 3822; x_wconf 88' lang='lat' dir='ltr'>mi,</span> <span class='ocrx_word' id='word_1_363' title='bbox 453 3761 487 3812; x_wconf 87' lang='lat' dir='ltr'>de</span> <span class='ocrx_word' id='word_1_364' title='bbox 507 3763 577 3823; x_wconf 82' lang='lat' dir='ltr'>aliis,</span> <span class='ocrx_word' id='word_1_365' title='bbox 596 3779 665 3832; x_wconf 86' lang='lat' dir='ltr'>qnae</span> <span class='ocrx_word' id='word_1_366' title='bbox 685 3770 761 3812; x_wconf 80' lang='lat' dir='ltr'>extra</span> <span class='ocrx_word' id='word_1_367' title='bbox 780 3769 852 3822; x_wconf 79' lang='lat' dir='ltr'>aunt,</span> <span class='ocrx_word' id='word_1_368' title='bbox 872 3760 1026 3810; x_wconf 75' lang='lat' dir='ltr'>civitatibus</span> <span class='ocrx_word' id='word_1_369' title='bbox 1045 3759 1115 3810; x_wconf 86' lang='lat' dir='ltr'>nihii</span> <span class='ocrx_word' id='word_1_370' title='bbox 1136 3776 1178 3811; x_wconf 86' lang='lat' dir='ltr'>re-</span> 
     </span>
     <span class='ocr_line' id='line_1_39' title="bbox 76 3830 1178 3899; baseline -0.001 -18"><span class='ocrx_word' id='word_1_371' title='bbox 76 3830 215 3898; x_wconf 82' lang='lat' dir='ltr'>spondeo.</span> <span class='ocrx_word' id='word_1_372' title='bbox 260 3832 335 3899; x_wconf 91' lang='lat' dir='ltr'>quod</span> <span class='ocrx_word' id='word_1_373' title='bbox 364 3849 427 3882; x_wconf 87' lang='lat' dir='ltr'>vero</span> <span class='ocrx_word' id='word_1_374' title='bbox 457 3832 491 3882; x_wconf 87' lang='lat' dir='ltr'>ad</span> <span class='ocrx_word' id='word_1_375' title='bbox 508 3833 575 3882; x_wconf 90' lang='lat' dir='ltr'>hanc</span> <span class='ocrx_word' id='word_1_376' title='bbox 602 3832 694 3883; x_wconf 86' lang='lat' dir='ltr'>urbem</span> <span class='ocrx_word' id='word_1_377' title='bbox 715 3834 827 3892; x_wconf 82' lang='lat' dir='ltr'>attinet&#39;‚</span> <span class='ocrx_word' id='word_1_378' title='bbox 845 3831 889 3882; x_wconf 87' lang='lat' dir='ltr'>aio</span> <span class='ocrx_word' id='word_1_379' title='bbox 908 3831 957 3881; x_wconf 86' lang='lat' dir='ltr'>illo</span> <span class='ocrx_word' id='word_1_380' title='bbox 973 3839 1103 3899; x_wconf 88' lang='lat' dir='ltr'>tempore,</span> <span class='ocrx_word' id='word_1_381' title='bbox 1123 3847 1178 3898; x_wconf 86' lang='lat' dir='ltr'>quo</span> 
     </span>
     <span class='ocr_line' id='line_1_40' title="bbox 76 3901 1180 3970; baseline -0.002 -19"><span class='ocrx_word' id='word_1_382' title='bbox 76 3917 127 3951; x_wconf 86' lang='lat' dir='ltr'>rex</span> <span class='ocrx_word' id='word_1_383' title='bbox 147 3901 316 3953; x_wconf 80' lang='lat' dir='ltr'>Mechemeta</span> <span class='ocrx_word' id='word_1_384' title='bbox 335 3911 520 3970; x_wconf 79' lang='lat' dir='ltr'>oppugnatum</span> <span class='ocrx_word' id='word_1_385' title='bbox 540 3920 598 3953; x_wconf 86' lang='lat' dir='ltr'>eam</span> <span class='ocrx_word' id='word_1_386' title='bbox 618 3905 733 3966; x_wconf 81' lang='lat' dir='ltr'>venerit,</span> <span class='ocrx_word' id='word_1_387' title='bbox 751 3901 917 3953; x_wconf 86' lang='lat' dir='ltr'>deditionem</span> <span class='ocrx_word' id='word_1_388' title='bbox 940 3917 998 3952; x_wconf 80' lang='lat' dir='ltr'>esee</span> <span class='ocrx_word' id='word_1_389' title='bbox 1013 3903 1109 3950; x_wconf 86' lang='lat' dir='ltr'>factam</span> <span class='ocrx_word' id='word_1_390' title='bbox 1132 3919 1180 3950; x_wconf 87' lang='lat' dir='ltr'>nr-</span> 
     </span>
     <span class='ocr_line' id='line_1_41' title="bbox 75 3971 1179 4041; baseline -0.001 -21"><span class='ocrx_word' id='word_1_391' title='bbox 75 3972 122 4021; x_wconf 83' lang='lat' dir='ltr'>bia</span> <span class='ocrx_word' id='word_1_392' title='bbox 145 3979 174 4022; x_wconf 91' lang='lat' dir='ltr'>et</span> <span class='ocrx_word' id='word_1_393' title='bbox 194 3972 373 4023; x_wconf 84' lang='lat' dir='ltr'>voluntariam</span> <span class='ocrx_word' id='word_1_394' title='bbox 399 3973 593 4035; x_wconf 85' lang='lat' dir='ltr'>traditionem,</span> <span class='ocrx_word' id='word_1_395' title='bbox 613 3983 669 4024; x_wconf 87' lang='lat' dir='ltr'>tum</span> <span class='ocrx_word' id='word_1_396' title='bbox 697 3974 731 4024; x_wconf 85' lang='lat' dir='ltr'>ab</span> <span class='ocrx_word' id='word_1_397' title='bbox 750 3973 912 4041; x_wconf 85' lang='lat' dir='ltr'>imperatore</span> <span class='ocrx_word' id='word_1_398' title='bbox 930 3971 1107 4023; x_wconf 83' lang='lat' dir='ltr'>Constantino</span> <span class='ocrx_word' id='word_1_399' title='bbox 1129 3971 1179 4020; x_wconf 86' lang='lat' dir='ltr'>Pa-</span> 
     </span>
     <span class='ocr_line' id='line_1_42' title="bbox 74 4041 1179 4112; baseline -0.002 -21"><span class='ocrx_word' id='word_1_400' title='bbox 74 4042 218 4109; x_wconf 82' lang='lat' dir='ltr'>laeoiogo,</span> <span class='ocrx_word' id='word_1_401' title='bbox 237 4052 292 4094; x_wconf 87' lang='lat' dir='ltr'>tum</span> <span class='ocrx_word' id='word_1_402' title='bbox 312 4060 327 4093; x_wconf 86' lang='lat' dir='ltr'>a</span> <span class='ocrx_word' id='word_1_403' title='bbox 346 4044 513 4112; x_wconf 73' lang='lat' dir='ltr'>principibus</span> <span class='ocrx_word' id='word_1_404' title='bbox 528 4046 599 4105; x_wconf 78' lang='lat' dir='ltr'>viria,</span> <span class='ocrx_word' id='word_1_405' title='bbox 621 4053 677 4095; x_wconf 89' lang='lat' dir='ltr'>tnm</span> <span class='ocrx_word' id='word_1_406' title='bbox 698 4061 712 4093; x_wconf 90' lang='lat' dir='ltr'>a</span> <span class='ocrx_word' id='word_1_407' title='bbox 732 4043 861 4110; x_wconf 87' lang='lat' dir='ltr'>populo.”</span> <span class='ocrx_word' id='word_1_408' title='bbox 897 4059 955 4093; x_wconf 89' lang='lat' dir='ltr'>cum</span> <span class='ocrx_word' id='word_1_409' title='bbox 977 4042 1043 4094; x_wconf 87' lang='lat' dir='ltr'>haec</span> <span class='ocrx_word' id='word_1_410' title='bbox 1063 4041 1179 4108; x_wconf 84' lang='lat' dir='ltr'>patriar-</span> 
     </span>
     <span class='ocr_line' id='line_1_43' title="bbox 73 4111 1178 4185; baseline -0.001 -23"><span class='ocrx_word' id='word_1_411' title='bbox 73 4113 128 4162; x_wconf 88' lang='lat' dir='ltr'>cba</span> <span class='ocrx_word' id='word_1_412' title='bbox 150 4112 263 4164; x_wconf 71' lang='lat' dir='ltr'>dixisset</span> <span class='ocrx_word' id='word_1_413' title='bbox 275 4114 378 4176; x_wconf 76' lang='lat' dir='ltr'>baasae,</span> <span class='ocrx_word' id='word_1_414' title='bbox 400 4114 443 4164; x_wconf 88' lang='lat' dir='ltr'>hic</span> <span class='ocrx_word' id='word_1_415' title='bbox 457 4115 632 4185; x_wconf 79' lang='lat' dir='ltr'>respondens,</span> <span class='ocrx_word' id='word_1_416' title='bbox 649 4115 740 4182; x_wconf 91' lang='lat' dir='ltr'>inquit</span> <span class='ocrx_word' id='word_1_417' title='bbox 757 4112 894 4165; x_wconf 75' lang='lat' dir='ltr'>“habesne</span> <span class='ocrx_word' id='word_1_418' title='bbox 907 4114 985 4164; x_wconf 82' lang='lat' dir='ltr'>istius</span> <span class='ocrx_word' id='word_1_419' title='bbox 998 4111 1071 4180; x_wconf 86' lang='lat' dir='ltr'>quod</span> <span class='ocrx_word' id='word_1_420' title='bbox 1086 4111 1178 4164; x_wconf 72' lang='lat' dir='ltr'>diaiati</span> 
     </span>
    </p>
   </div>
   <div class='ocr_carea' id='block_1_4' title="bbox 145 4221 1068 4291">
    <p class='ocr_par' dir='ltr' id='par_1_4' title="bbox 145 4221 1068 4291">
     <span class='ocr_line' id='line_1_44' title="bbox 145 4221 1068 4291; baseline -0.002 -18"><span class='ocrx_word' id='word_1_421' title='bbox 145 4221 213 4274; x_wconf 75' lang='lat' dir='ltr'>Hirr.</span> <span class='ocrx_word' id='word_1_422' title='bbox 229 4231 300 4291; x_wconf 84' lang='lat' dir='ltr'>patr.</span> <span class='ocrx_word' id='word_1_423' title='bbox 322 4223 372 4273; x_wconf 78' lang='grc' dir='ltr'>ΟΡ.</span> <span class='ocrx_word' id='word_1_424' title='bbox 958 4223 988 4272; x_wconf 87' lang='lat'>11</span> <span class='ocrx_word' id='word_1_425' title='bbox 1055 4233 1068 4250; x_wconf 84' lang='lat'><em>·</em></span> 
     </span>
    </p>
   </div>
   <div class='ocr_carea' id='block_1_5' title="bbox 0 0 1446 4775">
    <p class='ocr_par' dir='ltr' id='par_1_5' title="bbox 0 0 1446 4775">
     <span class='ocr_line' id='line_1_45' title="bbox 0 0 1446 4775; baseline 0 5"><span class='ocrx_word' id='word_1_426' title='bbox 0 0 1446 4775; x_wconf 95' lang='lat' dir='ltr'> </span> 
     </span>
    </p>
   </div>
  </div>
 </body>
</html>
