2884 4775
272 259 343 328 178
399 244 403 251 ’
505 218 564 227 ”
715 258 909 324 urseolus

268 412 430 478 σκάνδαλα
453 414 508 474 καί
534 408 705 492 συγχύσεις
728 409 783 472 καί
812 409 952 488 ταραχαί
979 405 1037 468 άνά
1067 407 1165 484 μέσον
1188 398 1367 466 αὐτοῦκαὶ

267 515 331 576 ταῖν
352 511 528 592 άρχιερέαιν
556 511 611 570 καί
638 507 700 571 τῶν
723 512 896 591 κληρικοῖν,
926 508 982 567 καί
1009 508 1124 566 πολλαί
1143 502 1289 576 συνόδοις
1310 505 1366 564 καί

267 607 409 691 ταραχαί
428 611 577 689 ἐγένοντο.
697 624 699 629 ·

355 707 472 779 Τοῦτος
496 704 512 766 ὁ
535 702 733 786 πατριάρχης
763 702 866 767 ἔκτισε
894 704 978 779 μέσα
1000 704 1045 777 είς
1068 700 1102 764 τὸ
1124 710 1364 782 πατριαρχεῑσν,

266 804 301 870 τὸ
322 807 419 884 μέρος
439 806 494 884 τῆς
517 804 653 885 δύσεως,
683 806 789 866 κελλία
810 804 949 883 τέσσαρα
977 800 1107 882 durium,
1141 804 1195 862 καί
1215 799 1391 861 α’ποκάταίὸ

267 904 312 975 εἰς
333 898 414 963 αρ’τά
439 898 554 978 ἔκαμεν
576 895 656 964 άλλα
679 906 829 983 τέσσαρα.
873 898 929 961 καί
952 901 1082 981 πλησίον
1103 898 1225 961 τούτων
1245 894 1364 974 ’ἔκαμεν

266 999 419 1082 α’χσύριον
441 998 494 1062 ἕνα
530 998 667 1081 μεμάλον
688 998 744 1063 καί
763 997 867 1062 καλόν.
919 996 1015 1076 ἔκαμε
1036 999 1071 1060 δὲ
1090 999 1145 1059 καί
1165 994 1223 1058 δίο
1245 988 1364 1058 άναλό.

264 1123 336 1179 για,
367 1095 449 1158 ὀποῦ
486 1103 725 1180 κανοκαρχυάν,
754 1100 799 1171 εἰς
826 1095 882 1159 τὸν
916 1096 1019 1173 άεξιὸν
1048 1094 1147 1178 χαράν
1167 1096 1221 1157 καί
1243 1094 1289 1169 είς
1309 1090 1363 1157 τὸν

265 1195 441 1278 α’ριστερόν,
465 1198 520 1257 καί
537 1188 617 1258 άλλα
637 1196 707 1259 τινά
730 1193 835 1277 σκείη.
1168 1268 1171 1277 Ι

325 1283 651 1376 ’Πατριαρχεάσντος
683 1295 719 1355 δὲ
745 1294 860 1356 τούτου
885 1296 943 1355 τοῦ
971 1294 1071 1373 κυροῦ
1094 1294 1265 1356 Διονυσίου
1286 1294 1405 1363 datu-10

264 1392 401 1469 τέβασαν
421 1391 476 1454 τὸν
496 1391 645 1472 σταυρόν,
672 1391 725 1454 διὰ
749 1389 884 1473 ὁρισμοῦ
905 1396 962 1456 τοῦ
977 1395 1086 1471 πασιά,
1108 1388 1277 1452 ἀπάνευθεν
1299 1390 1362 1452 άπὸ
1386 1417 1397 1437 1

252 1489 320 1552 ’τὸν
342 1488 418 1552 ναὸν
439 1494 493 1570 τῆς
514 1494 782 1571 παμμακαρίστσυ
805 1494 862 1553 τοῦ
890 1496 1142 1571 πατριαρχείου·
1184 1486 1263 1552 (inuri
1289 1482 1365 1570 ἦτον

267 1582 377 1649 άπάνω
413 1590 457 1661 είς
504 1587 538 1650 τὸ
565 1591 780 1671 καμπανάρισν
815 1592 868 1651 καί
908 1590 1074 1673 ε’φαίνετον
1109 1587 1170 1651 α’πὸ
1198 1591 1365 1667 μακρόθεν

206 1702 256 1756 169
267 1686 395 1766 στερεάς
418 1687 473 1748 καί
486 1684 661 1769 θαλάσσης,
682 1689 738 1748 καί
757 1687 903 1769 ἐγνώριζε
922 1690 1008 1748 πάσα
1024 1686 1217 1768 Χριστιανὸς
1238 1685 1273 1747 τὸ
1300 1709 1366 1745 πα-

264 1793 456 1863 τριαρχεῖον,
482 1779 556 1846 ὅταν
585 1778 698 1865 ἤθελεν
720 1788 786 1848 leisc*
803 1784 857 1849 τὸν
878 1785 1026 1861 σταυρόν.
1071 1783 1126 1847 καί
1147 1785 1189 1857 οὖς
1211 1783 1266 1848 ιὸν
1288 1780 1365 1847 ἐκα-
1375 1803 1403 1853 15

265 1884 411 1961 τέβασαν,
430 1879 511 1962 έγινε
531 1880 651 1965 μεγάλη
673 1885 756 1965 λάπη
778 1888 822 1956 εἰς
844 1883 915 1956 τούς
938 1884 1163 1964 Χριστιανούς.

354 1983 472 2053 Τοῦεος
507 1979 523 2040 ὅ
558 1982 754 2064 πατριάρχης
790 1982 966 2062 άσθενησας
989 1984 1148 2044 α’πέθανε·
1193 1984 1248 2043 καί
1266 1983 1302 2045 ἐν
1321 1984 1366 2066 τῷ

265 2079 331 2162 ναηῖ
353 2082 409 2158 τῆς
434 2085 702 2160 παμμακαρίσεου
724 2079 778 2144 τόν
801 2079 942 2161 ἔψαλλον
963 2079 1039 2159 μετά
1063 2078 1164 2164 πάσης
1186 2080 1365 2160 εὐλαβείας.

266 2172 302 2236 τά
328 2176 362 2236 δέ
381 2178 473 2254 σῶμα
496 2178 597 2238 αὐτοῦ
619 2176 748 2258 ἔθαψαν
771 2181 803 2241 ἐν
824 2176 862 2265 κῇ
882 2183 963 2265 μονῇ
984 2184 1038 2260 τῆς
1058 2177 1233 2261 άπεραμίας
1253 2176 1365 2242 θεοπό-

266 2294 334 2351 κου,
357 2273 389 2335 ἐν
414 2277 453 2357 τῇ
477 2275 598 2362 Χάλκη,
619 2278 664 2350 είς
684 2276 717 2340 τὸ
738 2278 950 2359 μοναστηριον
972 2280 1081 2341 αὐτοῦ.
1288 2288 1297 2299 “
1374 2289 1405 2341 λθ

349 2371 557 2450 Ἀκούσαντες
588 2378 623 2439 δέ
655 2374 684 2439 οἱ
707 2375 866 2460 άρχιερεΐς
895 2375 949 2440 riv
970 2378 1105 2440 θάνατον
1126 2379 1184 2440 τοῦ
1207 2376 1366 2458 πατριάρ-

270 2493 332 2551 χου
356 2467 498 2553 έίλραμαν
520 2473 638 2553 πολλοί,
660 2477 715 2536 καί
728 2472 790 2537 άπό
816 2478 871 2555 τῆς
892 2477 1044 2558 άνατολης
1063 2475 1098 2538 τά
1113 2480 1208 2558 μέρος
1220 2478 1276 2536 καί
1301 2469 1363 2536 άπὸ

270 2725 441 2777 turbationes
460 2727 531 2778 inter
549 2729 634 2798 ipsum
652 2738 680 2780 et
697 2731 841 2798 pontifices
860 2739 887 2784 et
904 2731 1015 2782 clericos
1034 2729 1143 2783 exo'rtae
1163 2737 1234 2790 sunt,
1255 2745 1285 2778 ac
1304 2729 1367 2798 plu-

272 2812 314 2847 res
336 2797 509 2848 turbulentae
528 2801 624 2864 synodi
647 2801 809 2851 celebratae.

361 2866 491 2919 Condidit
509 2868 552 2919 bic
573 2871 724 2938 patriarcha
749 2872 776 2920 in
798 2870 957 2940 patriurrbei
981 2879 1072 2938 parte,
1102 2886 1171 2938 quoe
1191 2867 1225 2918 ud
1243 2885 1368 2918 occusuur

271 2937 335 2987 sotis
354 2940 462 3004 vergit,
488 2950 618 3008 qrrattrror
643 2943 780 2991 conclavia
802 2943 947 2989 seoretius
974 2943 1001 2990 in
1022 2941 1160 3008 superiore
1178 2939 1249 2999 loco,
1269 2947 1297 2990 et
1315 2939 1369 2988 alia

271 3007 386 3057 totidem
417 3011 546 3072 inferius,
573 3011 614 3061 bis
639 3012 770 3061 subrecta.
816 3023 843 3059 et
871 3027 955 3078 prope
977 3011 1041 3060 hoec
1061 3013 1152 3077 equile
1172 3011 1322 3077 spatiosum
1342 3017 1369 3058 et

271 3079 403 3144 pulcrum.
441 3080 495 3128 duo
517 3097 627 3150 qnoque
654 3083 759 3150 pulpito
788 3081 864 3130 libris
882 3083 1052 3147 imponendis
1071 3079 1224 3144 secit;,ubi
1246 3096 1316 3148 quae
1336 3078 1369 3128 ab
1429 3135 1430 3150 η

272 3149 364 3216 aliquo
384 3149 520 3213 teguntur,
539 3151 572 3198 ab
589 3153 648 3201 aliis
670 3159 821 3211 coutantur,
844 3152 871 3200 in
891 3151 1002 3200 dextero
1023 3161 1050 3201 et
1069 3152 1175 3202 sinistro
1200 3149 1298 3215 choro3
1321 3166 1371 3199 nec

272 3235 329 3268 non
349 3220 401 3267 aiia
422 3219 561 3285 quaedam,
582 3222 711 3271 ecclesiae
734 3222 825 3271 usibus
844 3220 994 3271 accomoda.

366 3306 423 3354 Hoc
453 3306 601 3372 patriarcha
631 3308 743 3358 sedente
767 3309 891 3376 deposita
917 3316 957 3358 est
984 3309 1010 3359 S.
1033 3309 1116 3358 crucis
1149 3307 1253 3373 figura,
1274 3304 1369 3355 bassae

276 3375 361 3434 iussn,
380 3373 413 3423 de
434 3377 571 3442 superiore
590 3386 674 3443 parte,
698 3379 744 3428 nbi
765 3381 899 3446 componis
921 3379 995 3428 locus
1017 3387 1083 3438 erat,
1103 3378 1197 3444 templi
1216 3377 1372 3425 Pammoce·

278 3444 369 3503 ristae,
389 3445 461 3513 quod
482 3446 509 3494 in
529 3446 702 3513 patriareireis
723 3458 776 3511 σοις
797 3465 865 3516 quae
884 3466 948 3498 crux
966 3450 1069 3498 eminus
1089 3449 1169 3512 longe
1190 3454 1295 3496 eterra
1314 3462 1371 3495 rna·

279 3512 358 3579 rique
389 3517 533 3582 conspicue
561 3517 647 3567 fuerat
682 3519 861 3585 omnibusque
893 3518 1049 3568 Christianis
1083 3517 1278 3585 patriarcheum
1306 3532 1371 3565 con·

282 3590 373 3663 specto
394 3594 486 3634 notum
518 3587 625 3638 iecerat.
664 3603 694 3636 ea
722 3587 844 3655 deposita
871 3606 982 3656 magnus
1003 3605 1109 3638 maeror
1128 3589 1247 3638 omnium
1264 3587 1371 3654 piorum

284 3668 388 3702 unrrnos
410 3655 515 3706 invasit.

384 3740 443 3789 Post
462 3741 536 3800 baec,
556 3742 704 3810 patriarche
724 3743 817 3794 morbo
838 3745 970 3796 extinctus
992 3752 1045 3807 est;
1074 3744 1116 3794 cui
1133 3744 1202 3793 iusta
1222 3741 1371 3810 intemplo

282 3807 443 3876 praedicto,
476 3813 638 3879 psalmorum
668 3823 747 3864 cantu
778 3823 805 3864 et
834 3817 905 3864 omui
935 3817 1159 3864 caeremoniarum
1186 3827 1303 3878 genere,
1325 3813 1372 3860 rite

282 3879 442 3930 factasunt.
479 3898 575 3949 corpus
602 3886 659 3935 eius
688 3884 717 3935 in
747 3885 773 3934 S.
791 3884 917 3952 deiparae
942 3887 1104 3936 monasterio
1132 3884 1235 3935 vicinae
1267 3883 1372 3931 insulae

199 3967 203 3975 “
282 3946 409 4011 Cbaicne‚
427 3949 564 4018 adipsum
585 3955 750 4021 pertinente,
772 3953 920 4005 humatum.

382 4036 499 4104 Vulgoto
519 4040 687 4107 patriarchae
714 4041 791 4091 obitu
815 4042 884 4092 iuter
902 4043 1037 4092 antistites
1056 4041 1134 4092 multi
1161 4047 1187 4089 et
1208 4038 1241 4088 ab
1261 4039 1373 4090 Oriente

268 4104 362 4167 ¹etab
382 4105 529 4159 Occidente
557 4112 583 4160 iu
616 4110 707 4160 urbem
729 4111 889 4163 confluxere.
934 4113 973 4162 ibi
993 4112 1108 4162 concilio
1134 4111 1239 4172 habito,
1259 4109 1295 4160 de
1313 4125 1373 4160 sen·
