2884 4775
571 262 773 328 Pottntct.
1191 259 1213 328 5

131 428 388 508 Κωνοταντίνου,
409 417 565 507 ἄπρακτος
594 420 639 491 ὧν
660 433 812 510 κατῆλθε,
839 429 1002 508 κατέλαβε.
1045 431 1161 511 συνέβη
1182 431 1218 493 tt

131 521 180 588 tn
202 522 218 587 δ
243 528 445 608 Martemque
475 515 563 599 οὗτος
594 524 691 610 ἔφυγε
726 528 780 591 καί
808 529 952 609 είσήλθεν
979 524 1067 590 ἔνδον
1087 530 1142 609 τής
1162 523 1219 589 πό.

133 610 220 705 λεως,
242 625 298 686 καί
317 620 505 700 ἀπεδέξαντο
539 621 646 689 atriu·
670 626 835 701 ἀσπασίως
861 624 890 690 οἱ
922 629 956 691 έν
985 628 1022 712 τῇ
1043 627 1145 706 πόλει,
1166 628 1223 689 καί
1310 631 1314 638 ’

133 723 273 785 δὲδωκαν
294 722 381 806 αὐτῷ
414 726 460 795 εἰς
488 732 619 803 γυναῖκα
646 722 702 808 τήν
723 726 882 808 θυγατέρα
914 728 971 788 τοῦ
991 723 1112 804 Ντὸρια
1133 726 1221 807 εάγε.

109 823 206 893 ὄνοῦς
229 818 312 895 τινὸς
332 825 363 885 Γ
362 825 545 901 ενοοβίτου,
579 820 645 905 ήτις
671 816 710 906 ήν
730 823 837 907 ἑγγὸνη
859 826 914 886 τοῦ
931 827 1088 905 βασιλέως
1107 825 1220 888 τούτου
1274 812 1278 818 ’

134 918 309 1003 Μονουήλ·
350 920 369 1004 ή
391 920 450 1003 γὰρ
475 922 508 984 ἐκ
527 925 669 1003 πορνείας
690 909 780 1011 αάτήῖ
805 922 945 1008 θυγάτήρ
966 924 1098 1003 Ζαμπία
1119 919 1222 987 ἔτεκεν

134 1016 236 1102 ου’τήν
259 1026 460 1105 σοναφθεῖσα
480 1022 521 1106 τῷ
545 1024 664 1106 Ντορίρι
693 1024 793 1110 τούτῳ
813 1021 921 1111 γνωμῃ
941 1026 1097 1110 βασιλική.
1140 1020 1221 1086 ἀνό-

131 1142 240 1195 μασαν
264 1121 298 1181 δὲ
327 1119 462 1203 ταύτην,
485 1119 518 1183 τὸ
551 1121 656 1184 καινὸν
684 1126 877 1186 συνοικέσιον
910 1124 1103 1205 ποιήσαντες,
1122 1121 1221 1202 κυρὸν

132 1220 186 1299 τής
210 1219 371 1300 ἀνατολής,
395 1224 471 1307 ξένρι
494 1222 626 1298 ἀνόματι
647 1222 701 1286 καί
725 1224 839 1309 ἀθλίῳ.
893 1220 1139 1300 διαπεράσαντες
1158 1218 1220 1303 γάρ

90 1314 233 1383 inauris
255 1315 284 1381 οἱ
307 1318 475 1396 Βυζάντιοι
507 1322 540 1383 ἐν
560 1322 696 1407 ἀνατολῇ
726 1320 802 1401 μετά
827 1325 1031 1403 στρατιωτῶν
1053 1320 1108 1384 καί
1128 1323 1222 1401 δορο-

133 1419 272 1501 φορίας,
296 1420 462 1497 ὑπέκυψαν
490 1416 577 1508 αδτρῖ
610 1427 737 1485 πολλοί·
787 1425 842 1485 καί
876 1423 996 1502 κάστρα
1033 1425 1089 1485 καί
1113 1423 1221 1503 χώρας

132 1512 228 1595 ἔλαβε
249 1520 305 1581 καί
324 1521 489 1595 ἐκαθέζετο
512 1522 545 1583 έν
567 1522 606 1605 τῇ
624 1520 769 1607 Προύσῃ.
792 1522 1045 1604 πλήροφορήθείς
1062 1522 1098 1583 δὲ
1117 1522 1218 1584 ταῦτα

131 1613 149 1675 δ
178 1615 292 1680 τούτου
323 1618 458 1702 ἀδελφὸς
491 1620 625 1683 σουλιάν
659 1621 833 1705 Μουροίτής
863 1619 925 1684 ἀπὸ
959 1616 1223 1693 Καλλιουπὸλεως

131 1721 278 1801 κρυφίως
300 1720 484 1801 διεπέρασεν
505 1722 550 1792 εἰς
570 1722 745 1800 Προυσαν,
765 1721 821 1784 καί
840 1718 1026 1799 καταλαβών
1046 1717 1101 1782 τὸν
1123 1723 1221 1784 Μου-

91 1820 260 1900 εῡσταφιῖν
280 1820 389 1881 τοῦτον
410 1820 442 1881 έν
455 1824 611 1906 βαλανείῳ
629 1819 807 1900 λουόμενον,
827 1819 989 1898 μεθύοντα
1007 1843 1040 1882 τε
1060 1818 1115 1882 καί
1134 1806 1220 1883 οπο·

133 1917 288 1994 ταλοόντα,
309 1916 501 2000 εἰσπηδήσας
522 1916 637 2001 αἴφνης
660 1916 756 1982 ου’τὸν
771 1921 929 1998 ἀπέπνιξε,
950 1918 1005 1981 καί
1024 1915 1127 1991 οὕτως
1146 1919 1221 1980 έκυ-

134 2014 240 2097 ρίευυε
275 2012 395 2090 δυ’σεως
423 2020 478 2081 καί
498 2016 662 2100 ἀνατολῆς.
714 2017 856 2103 ω’ργίοθρ
891 2021 924 2082 δὲ
948 2027 1013 2093 τοῖς
1034 2018 1219 2095 Βυζαντίοις

134 2117 188 2178 καί
207 2112 320 2178 έκάκου
342 2112 604 2199 παντοιοτρόπως,
625 2118 696 2180 καθ’
710 2113 843 2199 ἑκάστην
865 2116 1015 2199 ἁρπάζων
1036 2120 1090 2179 καί
1109 2122 1222 2200 λεηλα-

134 2216 198 2275 τιδν
218 2211 258 2277 eri
284 2216 375 2295 πέριξ
403 2218 460 2278 καί
479 2210 537 2279 ὅσα
557 2210 685 2297 ἔμειναν
705 2212 754 2281 ἔτι
781 2218 836 2280 καί
853 2208 935 2299 ήσαν
954 2218 1009 2296 τής
1030 2218 1146 2289 ἀθλίας
1162 2213 1224 2277 πό-

93 2318 224 2388 λθλεως.
267 2311 531 2397 παρακαθήμενος
566 2317 602 2379 δὲ
632 2312 734 2395 ἔμεινε
755 2317 895 2399 τριετίαν
918 2315 960 2391 ὥς
981 2316 1093 2398 θηρίον
1111 2310 1222 2396 δεινόν,

133 2412 178 2497 μή
200 2413 325 2491 ἀμελῶν
347 2411 385 2492 τά
409 2412 490 2477 κατοί
515 2415 672 2496 δύναμιν·
696 2408 783 2496 ὅμως
804 2417 896 2480 οὐδέν
921 2417 1047 2498 ποιήσαι
1068 2412 1221 2499 ήδσνήθή.

134 2510 246 2576 λοιπδν
268 2513 304 2576 δὲ
324 2516 421 2600 λοιμῷ
442 2516 497 2580 καί
514 2518 595 2602 λιμῷ
615 2515 848 2600 περιπεσόντων
867 2513 1062 2599 ἑκατέρωθεν
1081 2514 1222 2602 παρῃτή-

205 2687 232 2741 8.
252 2684 334 2744 κενὸν
354 2689 374 2741 C

136 2855 220 2908 verat,
240 2847 328 2900 rediit.
339 2856 447 2900 venerat
461 2847 505 2899 hic
521 2848 676 2918 Mustaphas
696 2849 824 2918 profugus
844 2849 873 2900 in
891 2849 1004 2900 eandem
1019 2849 1110 2900 urbem
1128 2849 1222 2918 ibique

136 2917 254 2984 benigne
269 2929 395 2988 exceptus
409 2920 474 2982 fuit3
495 2920 537 2970 cui
550 2921 630 2971 etiam
643 2921 671 2971 in
688 2920 885 2971 matrimonium
898 2917 960 2971 slata
980 2928 1020 2970 est
1031 2919 1166 2970 cuiusdam
1188 2937 1221 2973 ex

137 2989 225 3040 nubiti
247 2991 347 3040 inmitia
366 2991 529 3042 Gennatium
547 2992 686 3042 Antiatum
705 2991 769 3052 filia,
788 2991 877 3059 neptis
897 2992 964 3112 reqlir
982 2990 1110 3040 Manueii.
1157 2990 1221 3041 huic

137 3061 211 3110 enim
232 3061 328 3111 Anriae
348 3070 432 3130 nupta
451 3069 508 3112 erat
527 3059 560 3112 de
580 3063 719 3114 voluntate
738 3065 806 3128 regis
823 3061 912 3129 apuria
951 3061 1011 3111 nius
1029 3061 1093 3122 fitia,
1111 3061 1221 3112 nornine

138 3131 253 3199 Zumpia,
273 3139 358 3182 mater
383 3133 597 3199 iiliussponsae.
643 3148 697 3201 quo
716 3133 790 3182 inani
810 3131 937 3198 coniugio
957 3133 1028 3182 facto
1047 3147 1104 3182 eam
1124 3131 1220 3200 appet-

137 3202 228 3254 lurunt
247 3200 381 3252 dominam
397 3202 524 3264 Orientis,
542 3201 794 3254 nomineinusitatu
814 3202 1044 3272 inauspicatuque.
1080 3217 1141 3252 nam
1160 3219 1219 3252 cnm
1281 3220 1284 3225 ’

136 3271 277 3338 Byzantini
304 3272 473 3342 Mustapham
501 3273 618 3323 exercitu
645 3281 673 3324 et
699 3272 862 3324 satellitibus
891 3274 1047 3325 comitatum
1075 3273 1103 3323 in
1130 3274 1222 3324 orien-

136 3351 191 3394 tem
212 3341 410 3406 traduxissent,
437 3343 515 3394 multi
543 3343 653 3413 quidem
684 3360 713 3394 se
735 3343 769 3394 ad
796 3344 853 3394 eius
873 3341 982 3395 ductum
1001 3344 1221 3412 applicaverunt,

78 3451 90 3460 .
137 3414 251 3483 ipseque
289 3415 427 3536 coleura
460 3422 546 3465 castra
572 3423 599 3466 et
631 3415 731 3483 oppida
763 3414 852 3484 cepit,
884 3415 967 3484 inque
1004 3415 1112 3466 civitate
1143 3415 1222 3465 Prusa

136 3484 267 3535 consedit.
313 3502 340 3536 se
397 3483 438 3535 his
472 3485 594 3553 cognitis*
616 3485 697 3537 frater
730 3486 787 3536 eius
815 3485 938 3546 Mutata,
965 3485 1069 3536 occulte
1095 3502 1110 3535 u
1138 3485 1222 3536 catti-

136 3556 193 3624 paii
217 3555 246 3606 in
265 3556 350 3606 Asiam
369 3558 510 3616 traiectus,
527 3558 632 3608 Prusarn
653 3557 791 3624 pervenit,
819 3557 864 3606 ubi
885 3557 1054 3626 Mustapham
1074 3557 1103 3606 in
1122 3555 1220 3607 balneo

137 3626 281 3686 lavantem,
300 3628 362 3678 vinu
379 3636 408 3678 et
428 3625 532 3678 deliciis
552 3627 732 3694 languentem,
767 3627 908 3694 repentino
928 3626 1043 3678 adventu
1063 3643 1220 3695 oppressum
1269 3652 1273 3663 ⁴

136 3697 284 3747 suffocavit.
320 3697 372 3748 hoc
390 3695 469 3748 modo
489 3696 633 3749 occidentis
661 3698 825 3766 orientisque
843 3697 1009 3748 dominatum
1026 3697 1140 3766 adeptas
1160 3698 1219 3749 suit.

136 3765 259 3818 intensus
272 3776 361 3820 autem
370 3769 529 3835 Byzantinis,
548 3769 754 3838 quibuscunque
774 3767 864 3834 potuit
875 3767 1012 3818 maleficiis
1029 3768 1126 3829 affecit,
1143 3768 1220 3818 unito
1253 3824 1255 3827 v

136 3837 182 3887 die
201 3840 385 3906 praetermisso
412 3856 466 3908 quo
495 3855 549 3890 non
571 3841 675 3907 rapinas
700 3835 867 3908 praedasque
893 3839 1060 3890 circumcirca
1079 3846 1171 3904 ageret
1187 3856 1220 3892 ex

135 3909 251 3960 miserae
270 3909 351 3974 urbis,
370 3927 439 3978 quae
452 3925 549 3978 parvae
561 3911 705 3972 restabant,
727 3908 858 3978 reliqniis.
896 3925 954 3960 eam
972 3910 1053 3960 etium
1073 3911 1219 3960 triennium

136 3977 283 4043 obsidens,
303 3980 337 4030 ad
363 3980 459 4032 ferocis
477 3981 587 4032 belluae
606 3982 709 4042 instar,
730 3980 836 4030 nullum
860 3979 989 4031 insultum
1004 3980 1038 4030 ad
1058 3997 1219 4049 expugnan-

137 4049 201 4102 dum
220 4050 272 4101 ribi
293 4051 424 4120 reliquum
454 4051 528 4102 serit.
565 4051 634 4102 nihii
652 4060 742 4102 tamen
760 4050 862 4102 effecit:
888 4049 1010 4102 Tandem
1029 4051 1109 4114 enim,
1127 4049 1219 4102 subla-

136 4120 172 4174 tis
192 4121 351 4190 pestilentia
372 4130 400 4174 et
418 4121 487 4174 fame
508 4123 634 4192 utrinque
657 4122 765 4185 multis,
781 4120 856 4173 bello
877 4121 953 4185 finis,
975 4139 1041 4191 pace
1063 4131 1091 4182 et
1110 4119 1218 4173 foedere
