2884 4775
475 234 794 315 concanonica,
938 245 942 253 ·
1118 204 1217 313 sur

84 390 143 454 rosi
164 392 243 455 θεοῦ
264 385 375 473 χύριτι
396 392 576 477 ἒξεσποὶσθη
598 395 653 457 καί
670 388 842 480 ἐξεριζιύθη
863 393 898 461 τύ
913 397 1115 478 Σιμωνιακδν
1135 404 1191 467 κατ’

83 487 118 553 τὸ
141 492 324 571 ἐμβατίκιον
352 491 387 554 τὸ
416 492 523 556 ὁποῖον
556 491 611 557 καί
637 493 715 557 αύτό
747 494 946 575 ’Σιμωνιακύν
979 490 1054 581 ἦτον
1075 500 1192 583 dorst-

85 612 208 672 στατον,
222 588 330 666 καθώς
354 592 512 657 α’κούσατε
529 585 667 676 circadas,
691 589 770 659 δπού
784 593 973 678 ἐγράψαμεν
994 601 1039 675 εἰς
1062 602 1189 679 πλύτος.

65 681 69 686 ’
164 685 280 776 Ὅμως,
303 690 411 767 καθώς
431 696 593 758 ἐτελείωσε
615 693 651 757 ssi
674 694 830 779 σωτήριον
851 701 942 761 τούτο
966 695 1057 781 ἔργον
1078 698 1095 765 ὃ
1112 727 1190 787 χρι-

58 790 282 872 5στομύμητος
303 789 524 878 πατριάρχης,
548 791 658 858 ἔπεσεν
680 790 696 858 δ
720 793 818 869 πόθος
840 797 944 859 αύτού
964 800 1020 861 καί
1039 798 1058 883 ἦ
1082 802 1189 889 α’γᾰπη

85 892 132 966 εἰς
165 890 223 974 τη“ν
254 894 386 976 μελέτην
411 896 468 975 τῆς
491 897 583 969 θείας
615 898 759 984 γροιρῆς,
795 895 850 959 καί
877 896 976 962 νύκτα
1008 903 1064 963 καί
1083 898 1187 985 η’μὲρα

36 1058 40 1065 ,
85 990 263 1070 ἐσπούδαζε
301 994 356 1055 κατ’
390 994 563 1072 σπουδάζει
598 995 762 1077 θεολογικύ
795 1000 988 1083 φτλοσοφικύ
1021 1005 1076 1063 καί
1106 994 1188 1068 ἄλλο

84 1088 185 1153 πολλὰ
211 1091 393 1175 μαθήματα
428 1093 483 1157 κάἰ
513 1096 763 1180 ἐκκλησιαστικά.
816 1099 872 1161 καί
892 1097 935 1172 αἷς
972 1100 1189 1181 οἶκονμενικύς

85 1189 285 1275 πατριάρχης
321 1194 377 1258 καί
410 1194 515 1279 πατήρ
547 1197 602 1260 κατ’
637 1197 827 1272 διδάσκαλος
858 1199 911 1261 δὲν
939 1196 1078 1267 ἔπαυσεν
1111 1206 1187 1270 asisii

39 1292 182 1355 1οπαύει
205 1290 243 1356 νύ
268 1293 411 1359 διδάσκει
431 1300 486 1359 καί
505 1295 543 1361 νύ
567 1297 716 1382 κηρύττει
738 1295 907 1382 τὸνλόγον
929 1302 986 1363 τού
1008 1304 1085 1365 θεοῦ
1107 1303 1188 1387 πρύς

84 1391 202 1471 πάντας
223 1394 298 1469 τούς
319 1397 462 1479 εύσεβεῖς
483 1399 535 1462 dui
559 1398 617 1482 τὴν
638 1399 800 1484 σωτηρίαν
829 1400 953 1483 adesir,
972 1395 1080 1477 καθώς
1109 1400 1187 1469 ἔκα-

83 1519 166 1575 μναν
186 1494 215 1559 οἱ
229 1494 409 1582 σοφώτατοι
426 1502 558 1564 παλαιοί
570 1496 777 1582 πατριάρχαι.
799 1504 853 1565 καί
873 1500 1095 1581 σπουδάζοντα
1114 1508 1186 1569 καθ’

83 1594 223 1679 ἡμέραν,
256 1594 305 1662 ἴδε
334 1597 368 1662 τὸ
406 1597 503 1684 ῥητόν
533 1604 592 1670 τού
616 1602 708 1664 θείαν
730 1605 838 1682 Δαβίδ
871 1600 906 1666 τὸ
939 1608 1028 1685 λέγον
1050 1605 1185 1688 “Κύριε,

82 1692 229 1781 ἠγάπησα
250 1698 442 1783 εύπρὲπειαν
476 1698 563 1765 οἴκου
584 1726 642 1766 σον
674 1705 730 1766 κατ’
749 1699 846 1766 τόπον
869 1700 1186 1790 σκηνούματοςδύξης

38 1800 171 1866 15σον.”
222 1799 277 1863 κατ’
309 1799 327 1862 δ
355 1803 455 1882 μέγας
489 1805 661 1877 Βασίλεισς
699 1806 756 1867 καί
789 1800 805 1864 δ
836 1808 923 1879 θεῖος
959 1804 1185 1890 Χρνσύστομος

84 1894 236 1982 “bythona
257 1900 330 1978 τούς
352 1904 541 1985 ἀγαπῶντας
560 1903 617 1986 την
639 1904 831 1985 εὐπρέπειαν
851 1908 911 1968 τοῦ
932 1902 1018 1969 οἴκου
1042 1910 1131 1979 σον,”

167 2000 239 2065 Κατ’
259 2003 293 2065 ἐν
316 2006 359 2090 τῷ
381 1998 449 2082 ἅμα
472 2000 544 2068 ὅλον
565 2004 599 2068 τό
626 2006 761 2085 vinulos
783 2008 824 2084 μὲ
850 2004 889 2067 τὰ
917 1998 992 2088 ἅγια
1016 2006 1125 2092 θύρη,
1150 2006 1185 2071 τύ

3 2167 5 2194 s
82 2099 220 2165 παλαιόν
242 2099 351 2181 ἐκεῖνο,
374 2102 409 2167 τύ
427 2106 682 2188 σεσαθρωμένον,
706 2104 742 2169 τὸ
756 2096 882 2188 edyssa,
903 2110 958 2171 καί
975 2102 1091 2187 ἔκαμεν
1106 2100 1185 2172 ον’τύ

79 2207 161 2284 νέον,
184 2197 257 2268 iiius
276 2203 416 2287 ysoardo
436 2208 477 2288 μὲ
501 2203 643 2289 καθαρὸν
663 2204 830 2293 χρνσύφη,
851 2209 907 2272 κατ’
920 2205 976 2283 τοὶς
998 2208 1104 2293 θύρας
1123 2210 1184 2273 τού
1193 2230 1244 2285 131

34 2303 225 2388 20ssq'uusog
249 2302 329 2368 ύποῦ
357 2302 425 2388 ἔχει
454 2303 509 2371 τόν
546 2311 635 2371 θεῖον
662 2306 892 2389 εύαγγελισμόν
913 2312 974 2394 ζτης
1008 2306 1184 2395 ύπεραγιάς

81 2404 245 2485 θεοτύκοο,
268 2404 322 2471 κατ’
342 2407 428 2485 δεξιύ
452 2409 507 2472 καί
528 2397 689 2494 α’ριστεροί,
712 2406 824 2472 andra
847 2404 1183 2493 retaurationis

2 2584 4 2596 .
82 2504 162 2571 ναύν
183 2505 351 2592 εύτρέπισε
370 2512 426 2573 καί
448 2505 503 2574 τὸν
523 2509 705 2594 ε’λύμπρονε
730 2513 785 2574 καί
805 2510 861 2575 τὸν
884 2509 1028 2577 irretiisse
1045 2513 1087 2593 μὲ
1108 2507 1183 2577 διά-

81 2721 137 2774 tiae
156 2720 290 2778 beneficio
312 2723 404 2773 evulsa
425 2730 452 2774 et
471 2723 603 2774 eradicata
623 2731 663 2775 cst
680 2724 840 2790 symoniaca
859 2723 1022 2786 nundinatio
1041 2733 1069 2776 et
1089 2724 1182 2777 emba-

81 2793 194 2858 ticium3
216 2791 291 2861 quod
309 2801 337 2844 et
349 2794 437 2863 ipsum
449 2794 568 2847 Simonia
580 2797 697 2846 maxime
710 2795 793 2864 impia
812 2803 878 2858 erat,
894 2795 964 2848 sicut
982 2813 1072 2865 supra,
1093 2812 1180 2867 quan-

82 2873 137 2916 tum
157 2865 231 2929 satis,
252 2882 268 2914 a
288 2864 367 2918 nohis
390 2866 517 2935 scriptum
538 2874 620 2919 extat.

152 2935 208 2987 iioc
227 2936 338 2987 salutari
359 2953 441 3006 opere
461 2953 476 2986 a
496 2935 603 2988 Christo
629 2935 754 2990 imitante
782 2934 932 3005 patriarcha
950 2935 1082 3001 perfecto,
1100 2952 1180 2989 omne

81 3006 201 3059 studium
220 3008 279 3059 eius
296 3008 418 3074 flagranti
437 3008 573 3059 desiderio
593 3006 626 3057 ad
646 3007 852 3058 meditationem
871 3007 1021 3057 divinarum
1042 3007 1180 3059 literarum

80 3080 214 3141 incubuit,
234 3081 262 3130 in
284 3081 382 3148 quibus
404 3079 461 3130 dies
481 3087 630 3147 noctesque
650 3086 770 3130 versatus
790 3087 831 3129 est
850 3087 878 3130 et
894 3093 966 3128 nunc
988 3079 1069 3127 etiam
1089 3095 1181 3129 versa·

61 3160 134 3213 tur,
155 3169 213 3202 cum
232 3151 370 3219 theologia
399 3150 599 3220 philosophiam
628 3157 655 3199 et
675 3148 728 3197 alia
748 3149 831 3199 multa
855 3147 1091 3218 ecclesiasticaque
1112 3166 1180 3200 con-

79 3225 204 3291 iungens.
240 3231 322 3290 atque
344 3229 374 3272 ut
395 3222 568 3272 oecumenico
589 3218 755 3288 patriarchae
776 3228 804 3271 et
821 3221 892 3288 patri
912 3229 939 3270 et
957 3220 1063 3271 doctori
1079 3237 1181 3272 conve·

80 3295 141 3357 nit,
171 3310 222 3344 nec
249 3294 362 3344 cessavit
387 3309 437 3342 nec
464 3301 551 3343 cessat
582 3292 648 3361 quin
673 3290 771 3342 doceat
800 3300 828 3342 et
849 3291 987 3362 praedicet
1004 3291 1115 3343 verbum
1134 3291 1180 3344 dei

80 3364 207 3416 omnibus
236 3366 288 3434 piis
310 3363 477 3414 adsalutem
507 3380 608 3425 eorum,
627 3363 697 3414 sicut
715 3363 906 3431 sapientissimi
937 3363 1039 3433 quique
1058 3373 1180 3416 veterum

80 3436 294 3507 patriarcharum
313 3436 479 3487 factitarunt.
502 3452 615 3505 cumque
636 3437 665 3485 in
689 3435 746 3485 dies
766 3436 886 3504 singulos
907 3435 1086 3498 eruditionem
1106 3453 1179 3486 suam

79 3516 197 3574 augeat,
219 3508 284 3559 facit
305 3507 332 3557 id
354 3526 387 3558 ex
406 3507 480 3559 dicto
500 3507 526 3559 S,
548 3505 655 3559 navidis
687 3505 831 3568 “domiue,
865 3506 947 3557 dilexi
984 3506 1107 3558 decorem
1128 3508 1181 3559 do-

79 3596 140 3631 mus
160 3587 221 3628 tuae
250 3588 277 3631 et
304 3580 393 3629 locum
421 3578 598 3630 habitationis
626 3579 727 3646 gloriae
747 3583 844 3641 tuae,”
870 3587 898 3629 et
921 3577 1013 3628 Basilii
1041 3578 1075 3626 M.
1097 3580 1178 3630 κισ-1).

79 3649 264 3717 chrysostomi
284 3651 440 3702 “sanctifica
462 3668 508 3702 eos
529 3652 575 3721 qui
595 3650 713 3716 diligunt
737 3649 861 3708 decorem
881 3649 978 3700 domus
999 3649 1088 3701 tuae.''

152 3719 253 3773 Eodem
274 3731 395 3792 tempore
415 3731 502 3774 toturn
521 3721 618 3791 templi
636 3721 779 3773 delubrum
797 3738 857 3771 oum
877 3721 957 3771 sacris
977 3721 1091 3783 foribus,
1108 3721 1179 3773 iliud

78 3799 217 3845 vetustum
238 3802 264 3844 et
285 3794 476 3862 putrefactum,
496 3794 617 3854 removit,
636 3802 663 3844 et
682 3792 717 3844 de
728 3809 798 3844 novo
818 3793 980 3854 aedificavit,
999 3801 1086 3844 toturn
1106 3793 1177 3843 scul-

80 3865 158 3934 ptile,
178 3881 246 3932 puro
265 3881 329 3915 auro
351 3873 484 3917 ornatum.
521 3865 584 3916 itam
604 3865 675 3915 sores
691 3865 871 3916 cancellorum
890 3864 971 3930 [τοῖος
992 3880 1046 3933 quo
1068 3865 1096 3915 in
1115 3863 1176 3916 loco

80 3937 218 4002 angelicae
237 3936 270 3986 ad
299 3938 329 3986 D.
348 3939 477 4005 virginem
499 3936 670 3988 salutationis
699 3937 788 4004 imago
810 3944 858 3988 est.
895 3953 925 3986 ac
944 3934 1038 3986 dextra
1056 3935 1178 3986 sinistra·

81 4024 146 4076 que,
164 4025 244 4077 supra
262 4017 290 4058 et
313 4007 390 4070 infra,
410 4008 540 4077 templum
560 4009 701 4061 exornavit
719 4015 823 4074 totum5
846 4005 929 4077 idque
947 4005 1117 4076 splendidius
1136 4006 1177 4058 le-

80 4079 126 4141 cit,
144 4087 172 4130 et
192 4079 331 4132 decoravit
350 4081 430 4132 variis
450 4080 624 4148 imaginibus,
643 4081 745 4149 magnis
766 4088 793 4131 et
811 4080 908 4150 parvis,
928 4077 1109 4148 pulcherrime
1128 4093 1176 4128 ve-

81 4150 152 4206 stitis
178 4159 206 4204 et
233 4150 412 4208 candelabris.
449 4151 582 4209 columnis
607 4154 717 4224 quoque
741 4151 835 4222 templi
861 4151 1034 4222 splendorem
1050 4149 1173 4216 addidi-ts
