2884 4775
294 252 364 331 tto
735 268 932 367 urscoffls

293 417 435 496 ἔκαμνον
455 415 645 483 ἕποινεύασιν
668 421 724 481 καί
746 416 859 495 ἔταξαν
881 418 1007 501 φλονριά
1029 415 1086 477 τοῦ
1103 412 1288 488 σονλιὰνοο,
1309 402 1382 491 ἦτον

288 522 331 599 μὲ
351 520 476 601 θέλημα
497 514 551 579 καὶ
567 518 668 602 βουλῇ
696 518 753 581 τοῦ
783 519 885 581 αὐτοῦ
917 515 1016 597 sapori
1042 515 1196 592 Ἰανακείμ,
1216 511 1270 575 καί
1289 508 1383 585 αὐτὸς

288 613 390 681 iistis
407 615 444 681 cri
468 616 593 700 φλονρία
614 618 755 700 κροφῶς,
778 619 833 679 καί
852 613 990 697 ἔδειχνον
1020 608 1066 678 ὅτι
1089 617 1142 677 cliv
1163 609 1277 693 η”ξεύρη
1300 608 1382 691 εἴδη-

289 743 353 783 σιν.
412 712 498 799 ὅμως
526 711 569 789 ὦς
590 713 624 778 τὸ
646 712 768 795 ἔκαμον
803 709 902 800 ἆρτζη
923 718 968 788 εἰς
991 714 1044 779 τὸν
1068 714 1240 779 σουλιανον
1262 709 1309 776 ὅτι
1332 715 1382 775 δι’·

290 819 367 879 ὅσον
387 819 514 902 φλωριλι
539 814 749 891 πεντακόσιοι,
780 817 817 881 vri
844 814 999 898 eriyrilouv
1021 812 1076 878 τόν
1096 811 1311 895 πατριάρχην,
1344 808 1406 873 urio

289 913 366 1001 ἔλθη
397 915 491 978 πάλιν
518 917 563 986 εἰς
598 913 650 977 siv
687 911 802 994 θρόνον
835 914 851 977 ὁ
887 918 1008 996 πρῶτος
1040 917 1258 996 πατριάρχης,
1294 914 1382 991 κιῖρις

288 1016 455 1097 tuscula,
480 1007 565 1094 r‘ipros
600 1016 653 1095 τῆς
682 1010 790 1097 ὥροις,
822 1014 878 1078 καί
911 1008 1046 1097 stipatas
1072 1011 1127 1075 τὸν
1159 1008 1256 1074 αὐτὸν
1292 1013 1382 1095 κύριν

285 1112 440 1194 Ἰωακείμ.

231 1294 281 1350 146
383 1290 594 1353 ΙΩΑΚΕΙΜ
613 1286 707 1351 πάλιν
726 1287 780 1353 τόν
803 1289 1032 1369 παιριαρχικόν
1052 1287 1168 1369 θρόνον
1188 1284 1291 1367 ἔλαβε.

373 1446 563 1525 Περοίσοντα
584 1447 620 1508 ‹ts
642 1444 745 1525 ὀλίγος
769 1442 877 1524 καιρὸς
911 1440 1077 1528 ἠβουλήθη
1103 1446 1256 1525 δευτέραν
1280 1444 1384 1527 φορὰν

287 1541 326 1609 rui
347 1538 452 1629 ὖααγῃ
474 1544 518 1616 εἰς
541 1540 595 1605 ιὸν
613 1542 820 1623 Πούγιλανσν·
842 1540 896 1605 καί
917 1540 991 1626 ἔτζη
1008 1541 1195 1626 ἦτοιμάσθη,
1215 1543 1270 1606 καί
1291 1540 1383 1621 ἔλαβε
1395 1552 1425 1604 10

287 1642 438 1724 μερικοιλς
470 1641 652 1726 κληρικούς,
688 1643 742 1704 καί
773 1640 915 1725 ἔφθασεν
947 1646 1014 1705 ἐκεῖ
1038 1648 1177 1726 πλησιόν.
1219 1635 1330 1724 ἧξιυρε
1351 1645 1385 1706 tt

288 1740 347 1823 την
378 1740 567 1804 ἑπανεὺασιν
595 1740 612 1802 ri
640 1739 848 1822 Πούγδανος,
880 1740 962 1803 ὀποῦ
990 1737 1103 1819 ἔκαμεν
1136 1737 1151 1801 ὅ
1179 1740 1385 1822 πατριάρχης,

289 1836 419 1913 ἔσονιας
443 1838 478 1901 να
503 1837 597 1903 δώσει
621 1840 658 1903 ια’
681 1839 872 1903 πεντακόσια
896 1840 1032 1923 φλωρία,
1057 1837 1093 1902 vu*
1109 1837 1226 1925 εὕγάλῃ
1251 1836 1305 1902 cria
1326 1865 1384 1901 πα.

290 1939 446 2019 τριάρχην
470 1937 529 2001 α’πὸ
556 1942 613 2002 τοῦ
645 1938 762 2021 θρόνου
784 1940 887 2002 αοίοὖ
901 1988 910 2020 ,
933 1940 987 2001 καί
1009 1940 1157 2003 ἐκάθισεν
1177 1936 1289 2013 adric-
1331 1942 1387 2001 καί

240 2068 245 2077 ’
293 2040 346 2102 etti
368 2040 502 2122 η’θὲλησε
522 2037 567 2101 ori
588 2036 643 2102 τὸν
666 2042 795 2126 ἑδεχθῇ,
819 2040 894 2103 oriali
915 2038 954 2101 νά
978 2038 1032 2103 τὸν
1054 2040 1131 2103 ἰδεῖ·
1182 2043 1279 2120 μόνον
1305 2039 1384 2102 ἀνιέ-
1396 2055 1424 2105 15

289 2144 413 2202 στειλεν
434 2138 495 2200 riuti
519 2138 592 2213 τοὺς
615 2139 772 2221 ὑπηρέτας
795 2141 903 2223 αὐτοῦ,
926 2138 980 2201 καί
1002 2132 1177 2214 ἇνιιδιίοξαν
1200 2135 1299 2203 αὐτόν
1320 2136 1382 2201 α’πὸ

290 2234 362 2300 ὅλον
382 2235 437 2301 τὸν
458 2239 553 2300 τόπον
572 2238 670 2301 αὐτοῦ
690 2235 733 2313 ὦς
755 2237 906 2321 ἐπιβάτην
936 2237 992 2301 καί
1010 2240 1201 2320 παράνομον.
1245 2239 1386 2313 οἰκούσας

292 2339 327 2402 δὲ
349 2335 477 2411 τούτους
500 2336 574 2411 τούς
598 2336 710 2420 λόγους
730 2336 745 2401 ὃ
767 2336 968 2421 πατριάρχης
989 2338 1131 2423 ἐλυπήθη
1147 2336 1246 2403 πολλὰ
1268 2342 1323 2403 καί
1337 2339 1386 2401 ἐν.

290 2434 491 2520 τροπιιὶσθη,
524 2438 579 2501 καί
598 2435 731 2521 ἐγύρησε
765 2438 820 2502 καί
840 2438 959 2521 ὑπῆγεν
980 2440 1023 2513 εἰς
1046 2437 1080 2502 τὸ
1105 2437 1309 2521 Λολόβιστον,
1333 2441 1389 2502 καί

361 2574 388 2656 7.ι
407 2567 456 2628 τὸν
474 2570 560 2628 αὐτὸν
577 2573 659 2644 κύριν
674 2573 812 2647 Ἰωάκειμ]
833 2577 883 2630 τὸν
902 2574 982 2645 κύριν
1000 2575 1178 2647 Παχώμιον,
1195 2579 1244 2630 καὶ
1262 2571 1311 2630 τὸν
1332 2572 1385 2627 αὐ-

360 2663 410 2699 τον
428 2645 510 2716 κύριν
525 2645 653 2719 Ἰωακεὶμ
673 2644 793 2717 ipsqui».
833 2646 950 2697 Crusius.

291 2775 440 2834 geniorum.
479 2773 507 2816 et
521 2766 571 2816 hcc
589 2783 680 2816 eorum
700 2775 903 2834 praeposterum
926 2782 986 2832 erga
999 2764 1161 2816 lonchirnum
1179 2764 1307 2825 studium,
1330 2781 1385 2832 qno

291 2835 361 2886 hauc
379 2835 556 2886 accessionem
576 2837 683 2888 sultano
704 2837 822 2905 polliciti
842 2846 920 2900 sunt,
939 2846 1090 2905 suscepturo
1112 2845 1152 2887 est
1171 2837 1229 2904 ipso
1249 2833 1385 2885 loachiino

290 2908 392 2958 sciente
414 2915 441 2958 et
459 2908 585 2958 volente:
611 2910 713 2976 quippe
740 2907 822 2958 debat
848 2909 906 2977 ipse
936 2909 964 2958 id
985 2909 1042 2958 auri
1070 2908 1228 2966 clanculum,
1248 2905 1295 2956 secl
1315 2905 1386 2954 nihil

290 2993 320 3029 se
339 2978 408 3029 scire
428 2995 490 3046 prae
518 2995 546 3028 se
571 2979 685 3031 serebat.
728 2979 820 3048 itaque
843 2996 871 3028 re
898 2977 932 3030 ad
950 2979 1084 3030 sultanum
1108 2978 1141 3028 ab
1162 2979 1217 3028 illis
1237 2977 1339 3036 relata,
1358 2993 1385 3026 se

290 3048 391 3099 addere
411 3050 575 3118 quingentos
597 3067 691 3100 aureos
703 3087 711 3112 ,
740 3057 769 3100 ut
788 3049 938 3100 luachirnus
959 3051 1125 3109 restituatur,
1145 3050 1235 3100 statim
1256 3050 1277 3098 is
1295 3064 1384 3116 nego-

290 3122 358 3172 tium
379 3121 415 3170 eis
435 3121 533 3171 throno
552 3120 705 3171 deducendi
726 3119 861 3172 Pachumii
884 3130 911 3172 et
929 3121 1054 3172 loachirni
1074 3120 1221 3172 reducendi
1241 3118 1328 3170 dedit.

346 3263 497 3316 DECIMUS
517 3262 646 3317 SEXTUS
676 3265 827 3335 patriarcha
847 3265 1012 3328 loachimus,
1041 3267 1135 3317 iterata
1154 3263 1333 3334 patriarchica

765 3362 909 3422 potestate.

363 3470 423 3521 Post
441 3469 575 3521 modicum
605 3479 710 3540 tempus
738 3471 782 3524 hic
802 3475 898 3524 iterum
925 3473 1088 3543 peregrinari
1112 3480 1139 3523 et
1158 3471 1320 3523 Molrlaviam
1341 3473 1384 3522 in-

291 3543 377 3592 visere
403 3542 516 3609 paravit.
561 3543 653 3612 itaque
681 3542 785 3593 clericis
817 3545 923 3612 aliquot
950 3546 1091 3595 comitatus
1117 3545 1146 3594 in
1164 3544 1288 3594 viciniam
1308 3543 1385 3592 illius

291 3613 424 3680 pervenit.
462 3614 605 3664 resciverat
624 3613 763 3664 Moldavus
783 3614 817 3664 de
836 3615 975 3667 additione
995 3615 1028 3665 asl
1050 3614 1178 3665 tributum
1198 3632 1212 3663 a
1231 3613 1385 3682 patriarcha

292 3684 372 3742 iacta,
391 3700 450 3732 cum
468 3682 512 3734 hic
538 3685 693 3754 quingentis
719 3684 821 3746 ducatis
851 3685 920 3736 datis
942 3686 1113 3737 Pachomiurn
1133 3703 1147 3736 e
1166 3683 1264 3736 throno
1288 3701 1385 3734 eacus·

293 3753 372 3804 sisset
390 3762 417 3804 et
435 3754 493 3822 ipse
514 3755 582 3806 inibi
603 3772 630 3806 se
651 3757 820 3807 collocasset.
866 3759 954 3807 noluit
975 3774 1036 3824 ergo
1057 3755 1115 3806 euru¹
1137 3758 1259 3826 princeps
1279 3755 1328 3805 ille
1344 3772 1385 3804 re·

292 3825 390 3890 cipere,
409 3825 462 3874 imo
485 3842 518 3875 ne
542 3826 633 3876 videre
654 3826 782 3896 quidem:
802 3826 849 3877 sed
876 3827 1011 3878 ministros
1036 3828 1142 3896 aliquot
1162 3827 1242 3886 misit,
1263 3827 1311 3895 qui
1334 3826 1386 3875 ho-

292 3896 392 3945 minem
414 3901 469 3946 tota
488 3897 595 3963 regione
615 3898 699 3965 ipsius
717 3896 847 3948 excedere
866 3900 1002 3950 iusserunt
1024 3907 1053 3949 ut
1075 3896 1270 3968 patriarchatus
1291 3906 1385 3946 contra

296 3983 412 4016 canones
433 3983 622 4018 inscensorern.

375 4053 422 4104 His
440 4052 539 4104 auditis
559 4055 707 4122 patriarcha
726 4054 803 4106 valde
822 4056 940 4108 indoluit
969 4065 997 4108 et
1022 4056 1179 4124 pudefactus
1199 4063 1247 4106 est.
1287 4054 1386 4107 itinere

291 4123 383 4192 itaque
401 4134 529 4176 converso
548 4126 717 4178 Dolovistuur
737 4130 868 4197 perrexit3
894 4145 924 4178 ac
943 4126 1036 4178 dolore
1049 4129 1129 4178 animi
1150 4128 1178 4178 in
1193 4125 1316 4176 rnorhurn
1340 4124 1387 4176 de-
