2884 4775
452 241 771 311 Pttnttncntcu.
1111 239 1159 311 93

70 392 198 474 δνόματι
223 393 329 477 Ἰησοῦ
341 436 350 471 ,
372 388 449 477 όπορ
472 394 530 458 ουίι
557 388 597 471 ξίν
619 385 666 479 ἦν,
689 391 761 480 εἰή
781 395 886 472 πίστις
909 390 989 480 αότη
1010 388 1049 480 ήν
1069 398 1160 462 όταν·

69 496 120 560 τία
139 497 176 579 τῇ
198 494 344 581 ἀληθείη.

173 591 226 658 ιδ’.
262 587 329 657 Ὅτι
357 588 417 655 dou
446 596 569 674 λέγουσι
590 598 672 670 τινὸς
692 593 773 658 κατὰ
806 596 861 679 τής
882 598 1014 670 πίστεως
1033 592 1160 679 ταότης,

71 691 237 773 δυνάμεθα
258 692 346 754 λόειν
364 690 500 765 εδκόλως
521 690 575 755 καί
589 688 742 775 ,εὐλόγως

45 793 62 843 5
154 786 191 854 κ’.
226 783 295 855 Ὅτι
319 792 359 875 τῇ
381 790 484 853 πίστει
506 786 602 877 ταότη
623 792 820 875 ἐπολέμησαν
843 790 897 854 διὰ
920 794 1041 854 πολλῶν
1061 814 1160 870 τιμον·

71 896 148 975 ριολν
172 890 227 952 καί
255 888 362 974 φόνιον
385 885 413 951 οἱ
441 892 583 969 βασιλεῖς
610 887 683 954 τότε
708 890 764 952 καί
783 888 977 971 ολ-ἔπαρχοι
999 892 1103 953 αόττόν
1126 891 1161 954 ἐν

69 994 108 1077 τή
129 993 293 1075 οἰκουμένῃ
315 988 373 1071 τιή
405 985 549 1070 χρόνους,
571 990 721 1052 πολόθεοι
746 984 832 1062 ὄντες
850 995 903 1053 καί
923 984 1160 1070 εἰδωλολάτραι,

69 1094 122 1153 καί
146 1090 238 1152 oddar
259 1086 405 1171 ἴσχυσαν,
430 1085 511 1149 α’λλό
535 1092 673 1172 ἐνίκησεν
698 1086 716 1170 ή
737 1092 852 1168 πίστις,
874 1092 928 1151 καί
947 1089 1088 1168 διαμένει
1104 1092 1161 1167 με’-

70 1212 124 1271 χρι
144 1190 202 1251 τοῦ
225 1188 289 1264 νόν,
310 1188 364 1248 καί
382 1182 486 1249 ἐλθών
508 1181 524 1247 ό
547 1187 656 1269 πόριος
684 1186 813 1267 εόρήσει
837 1183 948 1267 αότήν.
991 1187 1046 1249 καί
1064 1189 1094 1250 εἰ
1112 1183 1160 1267 μή

29 1303 60 1357 10
70 1280 105 1368 ήν
125 1285 143 1369 ή
164 1289 267 1359 πίστις
290 1280 370 1367 αότη
395 1286 429 1349 ἐκ
450 1283 628 1367 θελήματος
647 1288 737 1368 θεοῦ,
759 1280 892 1369 διελόθη
914 1278 954 1349 όν
974 1284 1043 1349 τότε
1066 1283 1159 1347 εδιιό.

68 1393 139 1460 λως.
182 1384 271 1470 adsui
293 1385 337 1473 τῷ
358 1385 456 1471 κυρίρι
481 1382 570 1466 ήμῶν
587 1385 690 1468 Ἰησοῦ
711 1387 842 1473 Χριστηῖ
864 1385 949 1463 δόξα.
979 1384 1074 1468 α’μήν.

147 1481 238 1549 ‘Odi
259 1480 429 1558 σουλτόνος
460 1481 599 1558 όκοόσας
631 1488 732 1549 ταῦτα
757 1489 816 1548 τοῦ
837 1482 1052 1566 πατριάρχου,
1076 1480 1220 1567 όπερ119

68 1581 233 1669 ἐγγράφως
260 1586 318 1647 τοῦ
345 1580 461 1666 ἔδωκε,
483 1583 650 1663 δθαόμασε
671 1585 815 1665 μεγάλως
847 1587 892 1658 εἰς
915 1583 972 1667 τήν
995 1588 1159 1666 θεολογίαν

68 1683 122 1749 καί
142 1690 260 1768 σοφίαν
292 1667 403 1762 adsoni,
429 1683 485 1747 καί
514 1686 760 1771 ε’πληροφορήθη
794 1682 852 1769 τήν
882 1688 987 1749 πᾶσαν
1007 1678 1160 1767 ἀλήθειαν

31 1782 143 1867 tonsos*
161 1787 216 1865 τής
237 1783 371 1861 πίστεως
391 1786 454 1846 τεόν
477 1784 699 1863 Χριστιανῶν,
718 1778 765 1846 ότι
788 1780 857 1847 ἕναι
879 1776 1026 1865 όληθινή,
1046 1783 1101 1845 καί
1119 1780 1159 1846 τό

66 1887 228 1965 μυστήρια
247 1885 304 1966 τῆς
324 1880 458 1955 πίστεως
479 1881 583 1944 αότοόν
604 1878 743 1963 atquo&
765 1884 822 1945 καί
840 1879 1085 1963 θαυματουργοὶ,
1108 1880 1163 1944 καί

66 1986 179 2047 κανίνα
201 1978 293 2055 δόλος
312 1982 365 2045 div
382 1977 450 2044 ἔναι
469 1982 514 2055 εἰς
532 1975 627 2060 adsui,
647 1979 714 2063 οἶμή
738 1980 863 2064 καθαρὰ
877 1983 935 2044 ταί
955 1979 1161 2062 λαμπρότερα

137 2134 162 2184 1.
186 2132 223 2188 ἂν
243 2126 286 2198 ἦν]
312 2128 349 2187 δν
374 2136 414 2196 εἴη
442 2132 477 2215 Ρ1
565 2132 588 2183 5.
612 2128 655 2185 ὅτι
680 2130 807 2195 ήπίστις
831 2130 898 2198 αὕτη
923 2131 1082 2204 ἐπολεμήθη
1112 2120 1160 2183 διὰ

137 2206 249 2259 πολλῶν
264 2208 406 2276 τιμωριῶν
422 2200 478 2263 duo
503 2205 641 2272 βασιλέων
660 2206 708 2255 καὶ
734 2203 867 2275 ἐπάρχων
895 2206 926 2258 δν
952 2203 982 2275 τή
1011 2205 1159 2273 οἰκουμένη

136 2284 180 2366 io]
195 2298 325 2369 χρόνους,
344 2300 492 2353 πολυθέων
519 2298 611 2354 ὄντων
634 2302 681 2351 καί
702 2298 958 2368 &dormiamus-P
1047 2296 1088 2352 10.
1110 2296 1159 2349 τοῦ

136 2372 293 2514 Ξρηηόλῖιως.
305 2370 346 2493 lpl.
367 2369 450 2443 δμήν.
468 2372 556 2424 ταδτα
567 2372 685 2453 λέγομεν
704 2370 784 2443 ἡμεῖς
800 2375 866 2441 περί
883 2370 1060 2438 τήςπίσττως
1078 2366 1159 2441 ήμῶν

68 2575 262 2700 ίαοετιηςιιηορδ
279 2576 416 2647 proiecto,
442 2578 465 2628 si
483 2577 590 2630 veritati
615 2576 683 2629 haee
706 2577 773 2629 fides
790 2576 986 2641 adversaretur,
1004 2585 1155 2629 secuturum

66 2667 124 2702 non
157 2665 249 2700 uisse.

251 2735 387 2786 Hactenus
408 2734 541 2786 decimum
561 2742 683 2786 octavum
704 2742 795 2803 caput.

155 2821 256 2884 Sexto,
284 2821 414 2891 quicquid
433 2822 467 2872 ab
486 2821 625 2892 aliquibus
644 2821 770 2873 adversus
796 2820 864 2872 lianc
891 2820 971 2873 fidem
991 2823 1110 2884 affertur,
1128 2818 1156 2872 id

66 2902 124 2945 tum
146 2893 225 2944 facita
243 2901 301 2944 tum
317 2893 423 2943 veritati
443 2901 621 2959 congruentor
637 2894 741 2944 solvere
760 2908 909 2961 possumus.

250 2982 386 3032 Hactenus
408 2980 538 3032 decimum
563 2997 665 3031 nonum
682 2988 772 3050 caput.

140 3067 276 3120 Postremo
296 3068 375 3120 fidem
392 3068 459 3118 hanc
479 3068 543 3119 olim
562 3075 752 3136 oppugnarunt
771 3065 863 3116 multis
883 3063 1024 3133 suppliciis
1043 3071 1071 3113 et
1091 3079 1153 3114 oae-

67 3138 147 3190 dibus
167 3157 240 3206 reges
261 3147 288 3190 et
314 3138 448 3208 praesides
479 3155 586 3200 eorum,
604 3155 654 3206 per
670 3137 763 3188 orbem
783 3146 928 3203 terrarum,
946 3132 1000 3186 318
1018 3135 1102 3196 annis,
1124 3141 1154 3186 ut

66 3210 268 3261 multitudinem
287 3211 390 3260 scilicet
405 3209 514 3260 deorum
534 3224 641 3259 suorum
657 3217 684 3258 et
702 3206 776 3258 idola
796 3223 853 3268 sus,
873 3222 986 3274 quorum
1001 3205 1085 3256 cultui
1105 3203 1154 3254 de·

67 3279 116 3331 diti
136 3289 220 3344 erant,
241 3289 396 3344 tuerentur3
413 3297 463 3330 nec
483 3278 567 3330 hilum
591 3277 773 3347 proiecerunt,
790 3276 837 3328 sed
857 3278 974 3329 eluctata
994 3275 1066 3326 vicit·
1077 3275 1153 3338 fides,

66 3352 93 3401 in
113 3350 187 3402 hunc
214 3367 298 3421 usque
326 3350 397 3402 diem
422 3364 588 3418 permanens.
639 3347 686 3399 sed
705 3357 733 3399 et
752 3348 892 3409 dominus,
911 3348 1020 3417 quando
1040 3347 1153 3407 venerit,

66 3424 183 3490 reperiet
201 3439 267 3473 eam.
311 3421 437 3491 quodnisi
464 3423 491 3472 in
519 3420 659 3470 voluntate
680 3418 725 3469 dei
744 3419 838 3470 fuisset
860 3418 925 3469 haec
948 3417 1013 3469 fides
1033 3417 1153 3479 fundata,

65 3493 147 3543 facile
169 3501 242 3552 tnnc,
261 3493 335 3544 velut
354 3491 463 3555 nebula,
481 3491 611 3542 dissoluta
631 3491 793 3544 evanuisset.
816 3491 869 3559 ipsi
892 3489 953 3540 hnic
972 3488 1082 3540 domino
1101 3504 1153 3539 uo·
1183 3531 1187 3547 ,

64 3571 120 3614 stro
139 3565 200 3614 Iesu
219 3564 326 3616 Christo
347 3563 441 3630 gloria.
478 3578 565 3612 amen.

266 3652 401 3703 Hactenus
421 3648 472 3700 deo
493 3651 601 3700 iuvante
621 3648 702 3700 etiam
723 3649 878 3699 vicesimum
896 3654 985 3715 capnt.

133 3735 206 3786 Haec
223 3745 286 3786 sunt
309 3753 379 3806 quae
397 3752 447 3787 uos
467 3735 500 3787 de
518 3735 646 3803 religione
665 3743 756 3785 nostra
776 3733 915 3795 sentimus,
934 3732 1050 3784 breviter
1070 3732 1151 3806 dicta.

131 3823 211 3874 Tune
237 3823 377 3885 witonus,
397 3822 470 3874 hisce
499 3839 531 3872 ex
558 3839 604 3874 ors
634 3821 803 3891 patriarchas
830 3819 928 3872 auditis
959 3828 986 3871 et
1005 3821 1033 3871 in
1052 3821 1151 3889 scripto

61 3895 144 3943 etiam
168 3895 295 3962 acceptis,
314 3911 475 3963 magnopere
494 3890 638 3944 admiratus
656 3901 695 3944 est
723 3893 796 3943 iliius
814 3891 962 3942 divinarum
992 3908 1077 3941 rorum
1106 3908 1154 3941 co-

61 3965 214 4030 gnitionem
231 3973 259 4016 et
277 3966 452 4034 sapientiam5
472 3965 658 4035 certusquede
678 3963 809 4031 reiigione
827 3961 978 4014 Christiana
998 3962 1082 4012 factus
1102 3970 1153 4024 est,

60 4043 147 4086 totam
170 4051 227 4086 esse
245 4036 419 4097 verissimam,
439 4035 566 4102 mysteria
587 4035 643 4085 eius
664 4050 720 4085 non
746 4031 827 4085 modo
856 4048 916 4084 vera
936 4032 1080 4084 sedetiam
1101 4033 1153 4082 mi·

60 4106 154 4173 sifica;
173 4105 279 4158 nullum
298 4107 339 4159 his
359 4105 466 4160 subesse
487 4104 597 4171 dolum,
616 4103 663 4158 ssd
690 4105 807 4175 puritate
833 4110 861 4156 et
880 4102 1024 4174 splendore
1045 4104 1152 4156 vincere
