2884 4775
474 250 793 319 letnucmct‘.
1091 282 1100 307 r
1116 254 1184 323 189

89 404 132 482 μὲ
155 401 315 485 φλαριά.”
367 395 445 461 ctat
475 394 550 462 odai
568 402 625 474 ἐἰς
654 403 793 476 ἐκείνους
815 398 889 476 τούς
921 393 1082 487 ἀρχιερεῖς
1106 403 1186 471 ὀποῦ
1217 473 1219 477 Α

89 503 217 563 πωλοῦν
238 496 295 580 τὴν
316 494 413 577 χάριν
434 500 489 559 τοῦ
511 494 601 578 ἁγίου
624 498 801 578 πνεύματος
820 500 1077 585 κοίλαμβάνουν
1095 512 1186 591 φλοι-

89 601 155 682 ρίοι.
198 591 284 678 ὅμως
305 595 343 659 sai
361 593 506 675 ἔλθωμεν
525 598 570 670 εἰς
589 596 623 660 τὸ
644 601 854 681 προκείμενον.

231 725 563 824 ΜΗΤΡΟΦΑΝΗΣ
589 764 819 846 μητροπολίτης
841 766 1049 846 Καισαρείας.

61 926 98 975 5,
171 904 388 990 Κοθὴραντες
409 903 428 989 ἦ
452 908 586 981 σύνοδος
607 908 670 972 τοῖν
706 908 894 993 ἀρχιερέων,
923 909 1109 992 ὥςείπαμε,
1133 914 1189 978 τὸν

88 1002 292 1089 αατριοὶρχην
313 1008 405 1089 κύριν
423 1007 581 1090 ’[οοάσαφ,
606 1004 771 1090 ἐψήφισαν
784 1011 896 1072 τοῦτον
920 1008 973 1082 τόν
986 1014 1189 1093 Καισαρείας

91 1103 310 1187 πατριάρχην·
353 1102 406 1166 καί
432 1105 589 1177 δαίσαντες
611 1106 710 1168 ositeri
731 1104 766 1167 τό
788 1102 903 1187 μικρὸν
922 1105 1054 1189 μήνυμα
1075 1114 1130 1173 καί
1151 1106 1186 1173 τί

87 1205 178 1284 μέγα,
201 1199 294 1281 ἔλαβε
324 1201 380 1265 τὸν
415 1199 644 1283 πατριαρχικὸν
666 1199 786 1284 θρόνον.
842 1203 951 1267 λοιπὸν
973 1210 1054 1279 τινες
1075 1208 1187 1287 α’ρχιε.

87 1310 153 1383 ρεῖς
176 1299 227 1364 tut
245 1303 297 1382 τῆς
316 1304 546 1381 πατριαρχείας
565 1299 679 1363 τούτου
700 1303 754 1363 div
772 1298 905 1383 ἐίιερναν
929 1307 1054 1385 φλωρία
1074 1302 1112 1366 vd
1133 1302 1187 1367 κά·

42 1421 170 1479 ιομοον
190 1398 304 1478 ἱερεῖς·
361 1395 458 1477 μόνον
483 1398 518 1460 sti
547 1400 727 1476 ἐμβατίκιον
750 1402 807 1461 τοῦ
828 1396 959 1482 incure,
982 1400 1070 1464 ω’σάν
1094 1396 1187 1485 ἤθελε

87 1497 143 1561 τὸν
166 1494 267 1578 ἑκάμη
289 1497 409 1580 ἱερέαν,
430 1499 485 1559 καί
503 1498 559 1559 τοῦ
579 1494 682 1559 ἔδιίεν
703 1498 861 1579 ἐκκλησία.
905 1503 960 1561 καί
978 1498 1134 1564 ἀκούσατε
1157 1504 1190 1563 τί

86 1596 240 1678 ἓμιιατίκη
263 1592 398 1678 ἔσερναν
418 1597 499 1667 τινὲς
519 1592 690 1676 ἀρχιερεῖς.
739 1594 866 1671 ε”σοντας
892 1600 937 1672 είς
964 1601 1022 1680 τὴν
1042 1622 1185 1681 χειροτο-

85 1700 158 1759 νιάν
180 1694 263 1757 o‘nori
286 1696 339 1757 δὲν
358 1692 493 1775 ἔπερναν
517 1680 663 1776 φλιορία,
692 1693 746 1757 διὰ
769 1694 807 1757 vd
829 1701 931 1780 μηδὲν
948 1702 1106 1778 παρὲβουν
1130 1698 1247 1780 rq'v176

87 1793 251 1877 οίπόφασιν
273 1796 335 1855 τῶν
357 1793 455 1854 θείων
487 1791 592 1871 νόμων
620 1796 674 1855 καί
696 1796 759 1856 τῶν
781 1793 976 1875 ἀρχιερέων,
995 1796 1050 1858 καί
1071 1795 1123 1859 dui
1146 1794 1185 1858 νοὶ

39 1914 76 1964 15
85 1893 186 1975 μηδὲν
209 1893 421 1974 κατακριθοῦν
436 1893 477 1967 μὲ
497 1888 669 1969 τὸνΣίμων
688 1888 743 1954 τὸν
756 1889 867 1973 μάγον,
881 1890 1015 1974 ἔιιερναν
1027 1896 1061 1955 τό
1084 1897 1185 1974 ἐμβα.

83 1992 183 2053 τίκιον
205 1986 322 2068 ὃιπλόν,
345 1990 399 2051 καί
424 1990 476 2052 tta
497 1982 587 2069 εἶχαν
606 1994 724 2069 κοιμίαν
747 1992 860 2071 ζημίαν
880 1990 941 2052 ἀπὸ
956 1989 1014 2073 τὴν
1036 2017 1183 2077 πραγμα-

1 2143 2 2152 ,
83 2093 153 2153 τεία
175 2088 262 2161 τούς·
292 2083 400 2169 ’μόνον
422 2089 613 2171 ἐρχόντησαν
634 2087 728 2152 πάλιν
750 2088 795 2162 εἰς
816 2089 873 2171 τὴν
893 2091 1017 2172 πρώτην
1040 2088 1185 2153 ducitav-

84 2212 137 2251 σιν
155 2191 210 2250 τοῦ
231 2190 379 2267 μαμωνᾶ.
403 2186 478 2247 οὐαί
499 2187 581 2249 osiel.
626 2189 679 2250 δὲν
698 2189 826 2269 γελᾶται
848 2184 864 2249 ὅ
887 2190 971 2267 θεός,
994 2189 1069 2251 οὐδὲ
1091 2188 1185 2272 πρόσ-

85 2308 171 2350 ωπον
195 2285 328 2369 ἑβλέαη,
359 2283 428 2348 οὔτε
452 2289 609 2365 βασιλέως
630 2281 701 2349 οὕτε
730 2280 879 2367 ἄρχοντος
914 2282 987 2350 οὔτε
1009 2285 1186 2369 ἀρχιερέως

37 2401 75 2452 20
88 2380 159 2449 orire
180 2380 277 2449 ἄλλον
300 2383 403 2459 τινός·
428 2386 573 2467 uinitori
594 2389 667 2450 καθ’
688 2382 758 2461 ἑνὸς
775 2387 923 2452 n'nadt'dst
942 2387 1022 2451 κατὰ
1045 2386 1082 2452 τὰ
1108 2386 1183 2470 ἔργα

86 2489 189 2549 αὐτοῦ
209 2485 296 2549 ὦσαν
316 2484 391 2560 θεὸς
412 2485 540 2558 δίκαιος.

86 2693 163 2763 quod
180 2695 290 2759 gratiam
309 2692 353 2742 dei
375 2693 565 2763 putastisdari
592 2695 742 2761 pecuniis.''
778 2712 825 2745 vae
845 2710 892 2745 vae
920 2695 977 2746 istis
999 2689 1181 2762 possidemus,

86 2764 151 2833 qui,
175 2781 246 2834 quae
273 2765 354 2830 gratis
383 2764 483 2814 dantur
506 2765 634 2830 aspiritu
654 2773 756 2829 sancto,
777 2765 898 2835 pecuniis
912 2764 1053 2820 ·vendunt.
1090 2781 1181 2816 verum

89 2834 125 2884 ad
145 2835 296 2886 institutam
314 2836 495 2884 narrationem
518 2835 665 2884 redeamus.

223 2967 317 3020 XXIV.
355 2970 380 3020 Ρ.
399 2958 672 3029 METROPtt'sNEs,
699 2968 845 3018 Caesareae
863 2967 1046 3036 metropolita.

123 3088 272 3139 Exturbato
294 3086 328 3138 ad
341 3088 413 3137 hunc
434 3103 513 3156 quem
534 3086 649 3136 diximus
663 3084 771 3135 modurn
790 3084 965 3152 patriarchica
984 3084 1046 3134 sede
1066 3086 1092 3135 in
1111 3102 1180 3154 pon·

82 3158 185 3209 tificum
206 3175 331 3208 consessu
352 3156 494 3224 loasapho‚
514 3157 645 3222 suffragiis
673 3153 820 3204 eorundem
839 3155 991 3222 designatus
1019 3162 1060 3205 est
1081 3155 1179 3205 Caesa-

83 3230 180 3278 riensis
199 3227 367 3297 patriarcha.
396 3229 576 3294 successitque
606 3227 645 3287 is,
663 3234 779 3292 utraque
800 3226 992 3292 significatione
1023 3234 1130 3294 accepta
1151 3227 1180 3277 in

82 3297 194 3349 sublimi
217 3299 325 3349 throno.
346 3305 465 3348 ceterum
485 3297 534 3346 sub
555 3296 634 3345 huius
652 3294 834 3363 patriarchatu
857 3295 965 3346 fuerunt
983 3295 1091 3363 quidam
1111 3313 1179 3370 pou·

82 3368 181 3430 tifices,
203 3371 249 3438 qui
262 3382 316 3418 non
332 3367 502 3435 accipiebant
512 3367 545 3416 ob
561 3365 710 3416 sacerdotes
724 3365 853 3416 creandos
869 3366 1028 3434 pecuniam:
1049 3365 1097 3416 sed
1118 3373 1180 3416 tan-

82 3448 141 3490 tum
160 3439 334 3490 embaticinm
353 3439 452 3506 aliquis
480 3436 627 3506 capiebat,
647 3434 757 3504 quando
781 3437 948 3487 sacerdotem
968 3437 1084 3504 aliquem
1107 3435 1179 3486 iace..

82 3518 135 3569 ret,
157 3508 239 3559 dante
266 3510 295 3558 id
314 3509 436 3558 ccclesia.
484 3516 567 3575 atque
587 3507 756 3573 cognoscite,
779 3523 889 3575 quaeso,
908 3504 1044 3574 quoduam
1065 3507 1178 3558 embati-

81 3581 155 3630 cium
175 3578 285 3646 quidam
306 3595 397 3628 eorum
418 3579 579 3645 acceperint.
616 3593 674 3626 cum
699 3578 726 3626 in
752 3577 808 3643 ipsa
831 3577 1002 3627 ordinatione
1022 3576 1111 3627 nullos
1133 3593 1177 3626 ca-

81 3657 181 3718 perent
199 3665 330 3707 nummos,
348 3658 424 3699 utne
442 3648 606 3699 sanctionem
625 3664 757 3697 sacrarum
773 3646 860 3712 legum
881 3653 907 3695 et
925 3646 1076 3696 antistitum
1089 3654 1179 3698 trans-

82 3722 172 3779 irent,
191 3734 244 3767 neu
274 3717 369 3768 eodem
401 3737 459 3768 cum
480 3720 590 3769 Simone
616 3733 693 3783 mago
719 3718 829 3767 crimine
858 3715 1116 3777 condemnarentur,
1135 3734 1178 3768 ca·

81 3789 198 3858 plebant
217 3788 316 3839 exinde
332 3787 444 3858 duplum
464 3788 644 3838 embaticium.
681 3789 718 3837 ita
738 3773 754 3836 is
773 3788 820 3837 tali
834 3787 1031 3836 nundinatione
1049 3786 1118 3836 nihil
1139 3789 1178 3838 eis

82 3858 241 3917 decedebat,
263 3859 311 3910 sed
330 3858 364 3908 ad
383 3859 456 3909 idem
472 3857 610 3908 satiandae
629 3857 757 3907 avaritiae
777 3856 1024 3924 suae‘principium
1045 3857 1177 3908 redibant.

81 3947 132 3981 vae
147 3947 197 3982 sac
216 3930 280 3979 illis.
316 3946 373 3978 non
392 3929 495 3997 patitur
512 3946 540 3979 se
552 3927 657 3978 irrideri
677 3927 753 3988 cleas,
771 3943 861 3996 nequa
877 3927 903 3976 iu
926 3943 1067 3994 personam
1086 3928 1177 3978 intue-

81 4008 128 4052 tur
146 4017 196 4051 nec
224 4000 291 4067 regis
321 4014 372 4049 nec
392 3999 521 4067 principis
549 4015 600 4049 nec
619 3997 754 4067 pontilicis
780 4014 830 4048 nec
848 3998 1005 4066 cuiusquam
1024 3997 1110 4048 alins:
1129 4014 1176 4048 ve-

82 4088 142 4122 rum
161 4072 273 4139 singulis
292 4067 440 4121 secundum
469 4070 539 4122 facta
559 4085 605 4120 sua
624 4068 734 4138 gratiam
756 4069 855 4131 refert,
876 4068 978 4138 quippe
997 4067 1064 4120 deus
1083 4068 1176 4120 iustus.
