2884 4775
457 341 746 419 manmsnnr
775 353 833 417 ιιι.
1118 335 1192 418 elis
1285 329 1288 338 ’

86 532 169 597 ορα,
197 507 255 574 καὶ
282 514 324 591 μὲ
352 512 409 595 τήν
430 510 583 598 βοήθειάν
605 537 661 578 τοο
688 509 833 592 ὑπέταξα
855 503 931 596 όλην
954 509 1013 596 τη“ν
1036 511 1192 596 ἀνατολήν

86 613 142 678 καὶ
161 609 264 696 αότην
282 610 396 695 σχεδόν
415 614 472 698 τὴν
494 611 597 698 όόσιν,
620 610 669 681 ότι
691 612 753 693 ἔξω
778 611 840 678 ἀπό
865 611 905 677 τό
928 612 1027 696 doceri
1043 637 1103 689 σας
1124 609 1194 678 dioc
1285 647 1294 658 -

88 715 121 794 μ’
144 710 393 796 ἐπροσκόνησαν.
436 716 494 790 oric
514 720 681 799 παρανινιό
703 709 824 795 λοιπόν,
846 715 920 796 πρὶν
941 711 1133 799 δοκιμάσητε
1151 710 1192 779 τό

87 813 222 896 όλέθρια
244 815 304 875 rori
324 819 463 895 πολέμου
484 816 566 899 τέλη,
590 814 665 898 πρόν
687 818 775 899 ῑόῆτε
797 814 832 878 τό
857 809 938 896 αἷμα
960 817 1083 878 πολλῶν
1103 815 1194 878 ἀναι-

60 916 163 980 artos
182 914 360 1007 χονόμενον
385 912 574 996 triturari
597 919 639 995 μὲ
659 915 917 1001 παραχωρησητε
931 915 990 999 τη“ν
1012 908 1104 977 πόλιν
1126 936 1219 994 ones

29 1013 33 1018 ’
89 1007 130 1078 όν
152 1015 267 1098 θέλητε
287 1019 316 1078 ν’
338 1016 524 1103 ἀποφόγητε
541 1016 595 1081 τόν
614 1014 798 1102 ἀφανισμόν
821 1017 921 1101 αὐτῆς
943 1009 1080 1091 roddan
1103 1005 1195 1077 όιλλοι

87 1117 232 1188 ἀπειθεῖς
259 1118 318 1196 καλ
343 1115 614 1202 σκληροτρόχηλοι
644 1114 788 1198 ἔπαθον,
806 1120 1045 1191 Ιιιατοιιιοπόντες
1067 1111 1140 1193 ,ἀπὸ
1158 1109 1193 1178 τό

86 1217 195 1280 σπαθί
208 1237 272 1296 μοο
307 1211 552 1301 ἢπονληθὲντες
586 1214 658 1280 ἀπὸ·
676 1215 750 1293 τοός
772 1215 968 1302 στρατιώτας
990 1239 1054 1297 μοο
1077 1208 1196 1298 αι’χμό·

90 1320 184 1378 λοοτοι
211 1314 257 1388 εἷς
282 1308 437 1399 όνατολην
466 1320 522 1380 κατ’
546 1319 649 1383 δόσιν.
672 1319 732 1395 σοῖς
756 1314 947 1402 όπόσχομαι,
970 1311 1010 1382 ἀν
1029 1319 1071 1398 μὲ
1095 1338 1196 1401 προσ-

44 1424 80 1478 10
89 1413 263 1499 ιιονὴσητε,
294 1417 416 1492 πίστεις
438 1413 596 1503 ἐνόρκους,
617 1415 679 1501 ἐγώ
693 1423 754 1499 μὲν
772 1418 810 1483 roi
832 1414 876 1503 μη“
898 1421 958 1492 σοῖς
973 1418 1096 1499 ἑγβόλοο
1118 1417 1196 1480 ποτὲ
1264 1425 1268 1428 ’

90 1511 153 1578 ἀπό
177 1512 213 1578 τό
237 1513 371 1599 νόοτρον
392 1540 473 1595 σας,
497 1514 581 1592 iocis
605 1519 641 1582 δὲ
670 1517 712 1583 cci
742 1515 785 1598 nri
813 1522 935 1604 φανῆτε
958 1516 1120 1598 ἐπίβουλοι
1141 1511 1198 1577 καὶ

89 1615 236 1690 ἀπειθεῖς
269 1617 323 1699 τῆς
355 1619 521 1696 βασιλείας
542 1640 617 1698 μου.
668 1623 862 1704 προσέξατε,
894 1613 1026 1702 μήπως
1054 1611 1195 1696 ἀποβάλ-

88 1721 194 1790 λοντες
213 1713 248 1780 τό
271 1715 394 1801 ζητημό
415 1740 480 1799 μου
507 1721 560 1783 ter
582 1717 673 1804 ἔχητε
691 1724 786 1784 πλέον
804 1720 879 1783 οὐδὲ
902 1715 1014 1801 καιρόν
1034 1718 1073 1781 vri
1095 1739 1197 1798 μετα-

88 1813 246 1900 νοὴσητε.’,’

43 1934 79 1986 15
131 1921 134 1926 ’
192 1919 303 1981 Ταῦτα
329 1916 369 1982 τό
397 1917 572 2004 γράμματα
609 1917 757 2000 λαβόντες
783 1917 1009 1985 ottramnus
1035 1919 1196 2000 συνῆλθον

89 2015 135 2092 εἰς
156 2016 371 2100 συμβούλιον,
401 2019 457 2082 κατ’
486 2022 716 2101 στοχασθέντες
750 2022 874 2102 πρῶτον
893 2021 953 2098 μὲν
973 2018 1070 2082 πόσον
1093 2015 1112 2100 ἡ
1135 2019 1195 2098 βα.

89 2118 274 2193 σιλείατοόν
290 2119 475 2199 'Occurres
496 2128 662 2202 προχωρεῖ
678 2117 758 2184 κατὰ
778 2115 1010 2204 παραχώρησον
1021 2120 1101 2182 θεοῦ
1120 2122 1196 2183 καθ’
1238 2197 1245 2204 ⁴
1277 2129 1286 2145 ·

89 2217 212 2300 ἡμέραν
242 2218 285 2294 εἰς
306 2213 458 2304 αὔξησιν,
480 2219 535 2284 κατ’
563 2217 647 2284 πόσα
684 2217 807 2304 κόστρα
845 2221 1018 2299 θαυμαστὰ
1042 2220 1195 2300 ἀνατολῆς

89 2315 145 2381 κατ’
168 2311 291 2389 δόσεως
313 2316 555 2404 όπετάχθησαν,
577 2318 631 2384 κατ’
652 2316 742 2384 πόσοι
766 2317 858 2382 τόποι
879 2317 967 2382 πολό
983 2316 1195 2400 δυνατώτεροι

42 2415 154 2492 οοάπό
179 2415 234 2481 τόν
255 2419 357 2483 &dcxiv
371 2445 434 2484 των
455 2417 689 2505 ἐκαριεόθησαν
711 2422 766 2485 ἀπ’
789 2418 919 2499 αότοός,
940 2415 1117 2504 directanei
1135 2417 1195 2499 τὴν

91 2515 268 2602 μικρότητα
291 2516 345 2602 κατ’
366 2519 548 2600 α’όοναμιάν
568 2522 626 2586 τοῦ
646 2519 786 2605 κόστρου
807 2543 877 2599 των,
899 2522 1119 2603 ἐπροτίμησαν
1136 2541 1194 2581 κα-

92 2612 207 2700 λὴτερα
238 2617 464 2702 σομβιβασμόν
497 2618 584 2705 παρὰ
613 2625 641 2685 ν’
662 2620 812 2707 ἀφεθοόν
839 2622 884 2695 εἰς
915 2617 950 2685 τό
973 2623 1032 2682 τοῦ
1055 2622 1194 2698 πολέμου

92 2708 232 2806 ἄδηλον,
263 2713 349 2795 όστις
378 2722 434 2786 sni
453 2724 593 2805 παντελῆ
624 2722 807 2807 η’μποροόσε
834 2719 873 2785 sci
904 2722 986 2807 φὲρη
1009 2720 1055 2796 εἰς
1075 2714 1197 2793 adroic

97 3018 166 3071 adeo
188 3027 273 3071 toturn
295 3018 350 3071 fere
370 3018 546 3073 Occidentem
568 3020 683 3085 subieci,
701 3028 777 3072 extra
795 3028 898 3073 vestros
917 3026 1022 3070 montes
1042 3034 1134 3069 omnes
1152 3034 1195 3069 me

97 3108 186 3160 regem
205 3108 361 3159 agnoscere.
398 3108 446 3145 ros
466 3094 548 3159 igitur
566 3092 619 3143 iam
643 3091 790 3154 adhortor,
816 3092 972 3161 priusquam
999 3090 1099 3142 ercitum
1127 3089 1196 3141 belli

94 3163 236 3215 infelicem
253 3164 424 3233 exspectetis,
446 3163 604 3232 priusquam
621 3163 777 3230 sanguinem
799 3163 945 3213 multorum
960 3163 1135 3215 innocentum
1149 3160 1195 3213 in-

94 3234 166 3286 iuste
186 3237 299 3285 effusum
319 3232 451 3296 videatis,
473 3241 502 3285 ut
520 3234 615 3285 urbem
635 3242 748 3285 vestram
770 3233 837 3285 inihi
856 3234 987 3295 tradatis,
1012 3235 1033 3284 si
1054 3232 1194 3283 interitum

95 3305 153 3357 eius
170 3306 255 3357 vitare
275 3304 372 3367 vultis,
392 3312 421 3355 et
442 3305 544 3368 omnis,
563 3321 632 3374 quae
652 3306 698 3356 aiii
718 3304 909 3357 inobedientes
931 3313 958 3355 et
976 3303 1107 3356 obstinati
1130 3319 1195 3372 per-

95 3377 265 3445 pessimat,
289 3392 347 3426 curn
366 3376 475 3429 acinace
497 3393 557 3427 rneo
579 3375 773 3439 caederentur,
799 3385 847 3429 sut
872 3394 885 3427 s
906 3376 1042 3428 militibus
1061 3375 1126 3426 meis
1145 3391 1194 3443 pro

93 3448 206 3515 captivis
226 3448 255 3497 in
274 3447 386 3499 Oriente
404 3456 432 3499 et
446 3447 595 3499 Occidente
614 3448 748 3500 venirent.
780 3448 906 3516 promitto
928 3447 1024 3509 vobis,
1047 3448 1068 3496 si
1088 3462 1130 3496 rne
1151 3462 1194 3495 re-

93 3535 153 3586 gens
173 3519 334 3586 agnoscatis,
353 3518 538 3581 iureiurando,
558 3519 687 3589 equidem
705 3531 750 3569 me
770 3536 817 3570 vos
835 3536 895 3570 arce
914 3527 1001 3570 vestra
1019 3533 1075 3569 non
1096 3516 1193 3586 expul-

92 3605 184 3640 surum
207 3602 280 3655 esse;
303 3605 350 3639 vos
370 3599 460 3643 autem
480 3591 663 3660 promittatis,
681 3607 736 3641 non
757 3591 815 3642 fore
835 3608 881 3643 ros
904 3590 1014 3640 dolosos
1032 3604 1123 3659 neque
1149 3588 1194 3638 in-

92 3658 253 3711 obedientes
275 3662 388 3728 imperio
408 3675 478 3713 meo.
519 3662 660 3729 cogitetis,
679 3678 714 3713 ne
734 3663 832 3713 reiecta
854 3660 1042 3713 admonitione
1060 3676 1119 3711 ntea
1137 3675 1193 3710 non

93 3729 210 3799 amplius
231 3724 355 3781 babeatis
374 3749 409 3784 ne
430 3732 599 3784 occssionem
619 3732 731 3802 quidem
749 3732 894 3785 consilium
913 3732 1046 3783 mutendi.

195 3816 302 3885 Quibus
322 3821 440 3888 acceptis
459 3821 546 3871 literis
567 3821 706 3872 ioannitae
728 3820 762 3870 ad
782 3821 927 3871 consilinm
946 3826 1145 3881 convenerunt,
1165 3825 1193 3868 et

92 3906 154 3940 curn
172 3905 263 3939 secum
283 3898 470 3958 reputassent,
496 3901 627 3960 quantum
648 3908 757 3959 regnum
781 3891 963 3943 Othonranum
985 3890 1194 3960 progrederetur
1216 3900 1218 3905 ·

95 3958 219 4029 quotidie
239 3977 254 4009 e
272 3960 413 4013 ronrntare
433 3961 542 4025 divina,
570 3971 597 4014 et
617 3971 685 4033 quot
705 3962 816 4014 carretis
839 3964 904 4013 rnira
924 3963 1044 4013 Orientis
1063 3969 1089 4013 ct
1111 3959 1192 4010 Occi-

14 4047 15 4064 *
92 4030 183 4083 dentis
203 4031 326 4083 subiecta
346 4040 452 4094 essent,
476 4041 504 4083 et
521 4042 590 4102 quot
607 4034 666 4085 ioca
691 4035 777 4085 inuito
798 4033 916 4084 firmiora
938 4050 986 4084 suo
1011 4035 1037 4083 in
1057 4038 1192 4101 potestate

15 4113 16 4122 ¹
82 4120 185 4154 ⁴eorum
207 4110 313 4167 essent,
334 4103 436 4155 deinde
456 4106 615 4172 parvitatem
643 4113 671 4156 et
691 4104 876 4156 infirmitatem
899 4106 966 4156 arcis
988 4120 1066 4166 suae,
1089 4101 1194 4153 malue-

92 4182 158 4225 runt
173 4175 393 4226 conciliationem
413 4176 522 4245 potius,
551 4193 631 4247 quarn
650 4184 682 4227 ut
699 4193 728 4227 se
747 4179 965 4227 transmitterent
984 4176 1088 4225 incerto
1109 4172 1193 4234 bello,

92 4244 169 4317 quod
185 4245 219 4299 iis
236 4246 379 4304 interitum
398 4246 511 4319 pienum
530 4249 651 4301 excitare
671 4255 785 4319 poterat.
824 4246 866 4300 his
888 4247 1032 4300 declaratis
1053 4246 1194 4316 elegerunt
