2884 4775
548 252 748 316 POLlTlCA.
1133 252 1180 325 65

91 398 290 481 teudonivia
311 396 340 461 οἱ
368 400 539 481 γενίτζαροι
563 403 622 463 τοῦ
657 404 788 485 ζητῆσαι
811 402 867 467 τόν
888 408 1025 488 Σελίμην
1044 396 1183 487 ἄρχοντα

91 502 146 564 τοῦ
172 497 352 580 στρατεύειν
379 500 412 561 ἐν
439 503 479 584 τῇ
508 500 647 585 α’νατολῇ
676 504 747 579 μετ’
768 504 892 582 (νότιόν,
912 505 1184 589 προφασιζόμενοι

90 595 139 663 ότι
160 598 229 663 ἔστι
252 602 353 680 γέρων
374 596 390 659 ό
411 597 562 678 βασιλεός
582 602 636 663 καί
654 591 696 663 οό·
714 597 850 688 δόναται
871 601 1067 685 στρατεύειν,
1087 604 1184 667 adrui

64 695 127 763 ’δὲ
157 705 304 777 πολεμεῖν
333 702 464 761 θέλουσι
498 697 552 761 καί
571 697 819 777 στρατεύεσθαι.
867 704 1053 779 καθεζὲσθα
1083 694 1139 764 οὖν
1163 701 1180 763 ό

65 804 189 881 ογέρυιν
211 801 244 862 ἑν
264 800 302 883 τῇ
325 790 654 879 1(υινσταντι’νου,και“
676 795 704 861 οἱ
728 800 793 863 νέοι
816 804 894 880 μετὰ
917 804 977 885 τοῦ
997 804 1182 865 νέουπολε-
1245 842 1249 851 -

88 902 268 979 μείτουσαν·
310 893 386 959 ἄνευ
408 894 467 979 γόρ
491 903 635 978 πολέμων
658 900 712 959 καί
726 899 912 980 ,κερόιόνοό
933 897 1100 982 βούλονται
1121 910 1223 962 ιτα-37

77 1000 252 1083 (dilectior.
290 998 448 1083 ’ἀνέφερον
472 1001 648 1079 δὲταῦτα,
670 992 716 1061 ὅτι
738 995 838 1074 οότοος
859 1002 1004 1063 αἰτοῦσιν
1023 998 1052 1063 υἱ
1073 1002 1184 1063 δοῦλοί

88 1121 156 1162 σου.
199 1096 216 1159 ό
240 1100 275 1160 δὲ
305 1100 441 1179 κρατῶν-
456 1102 580 1181 βαρέως
598 1096 693 1183 ἔφερε
714 1103 769 1162 καί
793 1095 955 1180 ἠγανάκτει
977 1105 1044 1163 κατ’
1066 1100 1180 1163 αὐτῶν.

88 1194 280 1273 α’κοόσανεες
302 1200 338 1261 δὲ
360 1196 572 1282 σόγενίτζαροι
598 1192 648 1261 ότι
668 1201 707 1261 ου’
726 1201 869 1262 πείθεται
889 1199 945 1282 τὴν
965 1198 1095 1275 α’ξίασιν
1118 1197 1182 1261 αι’-

50 1308 80 1361 10
89 1301 162 1378 ruia,
183 1302 376 1363 ἐστασίασαν
406 1302 450 1373 εἰς
471 1302 505 1362 ἓν
533 1300 753 1380 συνελθόντες,
775 1298 830 1362 καί
850 1296 1074 1383 ἠβουλήθησαν
1097 1301 1181 1363 uiuo-

87 1405 205 1459 κτεῖναι
228 1396 301 1472 τοός
320 1398 570 1480 βεζηραζέμιδας
593 1400 649 1460 καί
671 1397 857 1480 όιόρπαγμα
877 1401 982 1461 θεῖναι
1004 1396 1060 1479 την
1079 1396 1180 1461 πόλιν.

86 1494 132 1578 μή
156 1494 239 1578 ἔχων
259 1498 293 1559 δὲ
314 1496 331 1560 ό
353 1498 510 1580 αὐθέντης
532 1492 550 1559 ὅ
561 1522 591 1561 τι
612 1500 667 1562 καί
686 1498 858 1578 ποιήσειεν,
879 1494 1004 1580 ἔστερξε
1023 1500 1078 1560 καί
1088 1490 1181 1568 Ιόόκοιν

86 1594 143 1679 τήν
165 1594 294 1680 ζήτησιν
317 1586 428 1659 αὐτῶν.
480 1600 631 1662 τοσοῦτον
661 1600 697 1661 δὲ
727 1593 921 1681 η’γόπησενό
942 1597 1018 1671 λαός
1038 1599 1100 1669 τοῖς
1119 1596 1181 1659 uri-

85 1694 136 1758 τόν
156 1695 209 1759 τόν
229 1693 302 1760 υἱόν
334 1698 433 1760 adteri
463 1695 506 1773 τός
527 1698 581 1760 καί
599 1700 712 1761 παιδία
733 1693 868 1769 ἐλάλουν
892 1694 928 1762 τό
960 1688 1058 1777 ὄνομα
1078 1694 1182 1764 αὐτοῦ

49 1804 76 1855 15
85 1793 139 1858 κατ’
160 1798 338 1860 nnrdr'mrur.
727 1813 729 1821 ’
954 1811 958 1815 ’

169 1896 283 1994 ΙῚάότα
305 1897 341 1958 di
361 1888 587 1974 ἐνοστισόμενος
610 1891 786 1961 ὅσουλτοὶν
810 1891 1025 1975 Κουριιοότης,
1047 1892 1063 1956 ό
1083 1880 1202 1968 ἄλλος’

83 1996 145 2055 ruia
166 1990 244 2056 υἱοῖν
265 1994 376 2074 αὑτοῦ,
408 1994 442 2056 εἰί
464 1994 656 2077 Μαγνησίας
683 1985 764 2075 ἦλθε
791 1991 847 2077 καί
866 1991 984 2073 εὑρέθη
1006 1988 1121 2075 αἴφνης
1144 1989 1177 2056 ἐν

83 2100 149 2165 τοῖς
169 2090 317 2174 οἰκήμασι
331 2096 393 2157 τεόν
414 2091 615 2176 γενιτζόραιν,
635 2091 671 2156 όν
691 2092 730 2175 (λη
747 2094 803 2157 καί
822 2088 941 2163 ἰδόντες
953 2086 1175 2173 ἐξεπλάγησαν.

83 2188 168 2272 ἔλεγε
189 2194 225 2255 di
247 2191 323 2273 πρὸς
344 2194 462 2266 ου’τοός
493 2188 541 2255 ὁέι
563 2192 654 2273 ὑμεῖς
677 2191 782 2257 οἴδατε
803 2195 873 2266 πῶς’
901 2188 962 2272 ε’γιό
983 2187 1048 2270 ἔχει
1071 2189 1104 2253 τό
1127 2192 1177 2253 dr'.

44 2300 171 2351 λθκαισν
193 2293 227 2354 εἰι
250 2292 447 2357 πόντωντοόν
471 2285 574 2356 ditor
592 2316 655 2373 μου
679 2294 836 2376 α’δελφῶν,
858 2287 909 2354 ότι
929 2290 985 2353 καί
1003 2293 1175 2374 ἑκαθὲστην

81 2393 114 2454 ἐν
135 2394 179 2478 αρ’
198 2393 304 2480 θρόνῳ
338 2398 396 2457 rori
425 2394 555 2457 πάππου
575 2417 639 2474 μου
662 2388 712 2457 rire
740 2395 910 2471 α’πέθοινεν,
934 2389 992 2466 ἕως
1013 2381 1050 2454 οὗ
1073 2382 1170 2472 ἦλθεν

81 2690 145 2734 runt
166 2682 319 2753 requirendi
339 2682 470 2749 Selimae3
487 2687 569 2753 ‘quem
589 2683 642 2734 sibi
662 2684 810 2753 principem
829 2680 1007 2752 praeficerent
1025 2701 1055 2736 ac
1074 2683 1168 2737 ducem

81 2753 265 2821 expeditionis
297 2755 325 2804 in
346 2755 502 2817 Orientem,
530 2762 695 2806 senectutem
721 2762 861 2805 causantes
884 2755 953 2824 rpgia
978 2747 1182 2824 militandique

79 2827 282 2893 impotentium:
303 2841 330 2876 sc
352 2834 440 2875 autem
460 2824 593 2877 desiderio
617 2827 762 2877 militatum
779 2825 899 2875 abeundi
923 2825 1098 2894 bellandique
1119 2825 1167 2874 lla-

77 2913 161 2964 grare.
198 2896 309 2947 “sedeat
327 2897 405 2964 ergo''
425 2897 553 2965 inquiunt
571 2897 716 2966 “pacificus
735 2913 817 2947 senex
839 2897 933 2964 Cpoli:
954 2896 1037 2944 fortes
1057 2899 1168 2946 iuvenes

78 2965 221 3018 cumiorti
250 2969 347 3017 iuvene
373 2969 401 3017 lu
421 2967 622 3036 expeditionem
650 2968 861 3035 proficiscantur.
907 2965 1033 3015 nolumus
1057 2982 1106 3016 nos
1125 2983 1168 3016 se-

78 3037 169 3090 dendo
188 3037 232 3087 lric
245 3047 349 3106 tempus
368 3045 475 3089 terere:
493 3038 565 3090 bella
584 3040 747 3107 quaerimus,
765 3039 868 3087 lucrum
887 3036 1064 3104 appetimur.'’
1100 3035 1168 3088 hacc

77 3110 111 3158 ad
131 3111 317 3176 imperatorem
337 3108 505 3172 referebant:
524 3109 610 3159 “hanc
628 3126 677 3159 nos
703 3108 830 3172 servitui
847 3107 1058 3174 postulationem
1077 3108 1167 3158 alleri·

77 3197 145 3240 mus,
168 3188 196 3229 et
213 3183 283 3230 serio
302 3178 476 3246 flagitamus.”
512 3195 558 3228 ren
577 3195 636 3228 cum
657 3178 784 3240 audisset,
803 3178 916 3245 graviter
935 3179 1004 3227 ferre
1023 3194 1074 3227 nec
1092 3177 1166 3228 iudi·

77 3253 233 3316 gnatiouem
252 3249 376 3300 adversus
397 3267 442 3300 eos
463 3249 639 3302 dissimulare.
661 3249 704 3299 illi
724 3257 828 3311 contra,
847 3265 906 3298 cum
928 3249 1004 3300 renui
1019 3266 1096 3298 -suarn
1114 3265 1166 3318 pe·

77 3323 203 3372 titionem
222 3337 305 3390 seque
325 3322 458 3390 repulsam
473 3321 542 3371 ferre
556 3319 686 3382 viderent,
707 3328 854 3371 convocato
872 3320 987 3370 concilio
1001 3320 1165 3372 reditioncm

77 3393 244 3457 excitarunt3
265 3391 462 3460 volueruntque
481 3391 649 3442 consiliarios
668 3407 698 3440 ac
712 3406 837 3459 proceres
854 3391 1004 3441 interficere
1024 3399 1052 3442 et
1070 3391 1165 3442 urbem

74 3462 233 3530 praedando
251 3478 413 3530 percursare.
459 3475 505 3512 rex
529 3462 726 3532 importunitati
749 3462 857 3512 illorum
881 3479 941 3512 curn
960 3461 1089 3512 obsistere
1108 3479 1164 3513 non

74 3544 177 3601 posset,
196 3534 297 3583 invitus
323 3534 461 3584 voluntate
481 3549 572 3598 eorum
592 3533 734 3601 acquievit
780 3541 855 3584 tanto
878 3541 966 3582 autem
987 3548 1078 3583 amore
1095 3550 1163 3582 cun.

75 3613 132 3654 ctus
150 3604 270 3674 populus
287 3603 358 3654 hunc
378 3605 462 3654 fillum
488 3605 544 3654 eius
569 3612 726 3672 prosecutur
745 3613 802 3666 eat,
822 3611 853 3654 ut
872 3604 900 3652 in
914 3619 1059 3672 puerorum
1078 3604 1161 3655 etiam

74 3691 120 3724 ure
139 3684 167 3726 et
187 3674 465 3734 ancillarum‘nomeu
484 3677 541 3725 eius
560 3683 693 3726 versatum
714 3676 757 3724 eit.

142 3773 192 3822 llis
211 3770 245 3822 ad
264 3787 340 3822 aures
372 3772 439 3822 alius
457 3772 507 3822 lilii
526 3772 596 3833 eius,
616 3773 659 3822 cui
680 3771 810 3822 Curcutae
837 3787 937 3821 nomen
956 3765 1025 3830 erat‚‘
1041 3770 1160 3838 perlatis,

72 3843 212 3908 Magnesia
233 3843 254 3892 is
273 3859 390 3910 egressus
410 3850 469 3904 est,
489 3859 519 3892 ac
543 3851 649 3910 praeter
669 3859 743 3911 spem
769 3841 904 3892 domicilia
923 3842 1098 3891 ianizarorurn
1117 3843 1161 3891 in·

72 3915 171 3974 travit3
191 3913 238 3982 qui
260 3915 401 3982 repentino
420 3915 477 3964 eius
498 3922 605 3982 aspectu
624 3914 830 3982 obstupuerunt.
867 3913 927 3962 infit
945 3911 990 3962 hic
1014 3913 1061 3962 eis.
1090 3918 1160 3962 “rto-

69 3991 126 4033 tum
147 3992 189 4034 est
206 3983 284 4034 vobis
306 3983 372 4052 quid
400 3986 464 4035 iuris
484 4002 550 4052 ego,
575 3992 704 4053 quantum
724 3985 923 4052 praerogativae
950 4000 1014 4051 prae
1033 3982 1158 4032 omnibus

69 4056 136 4112 meis
156 4054 285 4106 fratribus
315 4055 436 4106 habeam.
481 4055 536 4106 sedi
558 4055 684 4124 equidem
713 4055 741 4104 in
770 4054 838 4105 solio
866 4055 907 4104 avi
922 4056 994 4114 mei,
1017 4061 1159 4120 postquam

69 4135 192 4177 mortuus
211 4134 283 4186 erat,
310 4125 396 4180 donec
424 4135 502 4196 pater
525 4143 600 4177 meua
627 4127 656 4176 in
675 4125 768 4177 urbem
790 4126 903 4180 veniret.
940 4125 1065 4194 quocirca
1083 4139 1158 4192 rpem

133 4234 201 4287 Hirr.
217 4233 270 4304 pol.
292 4235 341 4287 ΟΡ.
918 4293 922 4300 .
941 4235 957 4284 5
