2884 4775
148 264 151 275 ·
229 244 326 315 »νο
478 280 483 285 =
607 342 612 349 ¹
714 249 920 313 msaoma

276 405 331 465 καί
350 401 506 485 μηχανῆν,
529 402 660 483 ἐξῆλθον
688 398 718 465 οἱ
748 398 835 464 ἔνδον
863 406 986 463 πολῖται
1016 385 1114 474 εἰςτδ
1140 398 1201 479 ἔξω
1223 399 1366 488 κῶστρστ,

226 528 228 531 ·
276 500 467 585 φοβούμενοι
487 498 532 582 μῆ
556 498 745 581 εέσβέλωσιν
766 497 854 564 ἔνδον
872 503 985 580 τειχῶν
1004 504 1044 586 τῆ
1061 498 1146 587 δρμῆ
1168 499 1281 567 αδτῶν.

361 598 400 664 Oi
429 602 564 683 Τσῦρκοι
585 590 641 663 σῶν
661 596 719 680 τῆν
747 590 879 683 aloru,
899 596 998 673 εέθύς
1019 595 1087 680 ἅμα
1111 603 1210 681 πρωΐ,
1230 602 1366 679 πόλεμον

273 698 443 781 στήσαντες
466 702 521 762 καί
541 695 658 782 δρόμον
678 702 777 782 μέγαν
796 697 956 779 μετὰτῶν
975 698 1196 764 ἴππωναέτῶν
1217 701 1365 781 εἰσῆλθον

273 802 383 862 πολλοί
403 797 464 861 α’πὸ
488 798 542 882 τῆς
564 798 763 881 χαλῶστριας
780 800 836 861 καί
854 801 1042 880 ἐκυρίευσαν
1063 802 1117 862 καί
1136 803 1199 863 τῶν
1218 799 1389 882 μεχῶλωνό

211 953 213 957 ,
271 902 395 979 τειχῶν,
419 901 472 961 καί
493 897 635 979 σκίπτρα
656 896 766 961 ἐθεντσ
782 894 886 962 ἐπάνω
900 899 963 961 τῶν
976 897 1116 979 πύργων,
1139 896 1195 973 σῶς
1209 902 1365 963 καίιθεα-

271 997 402 1074 σᾰμευοι
425 994 453 1060 ot
477 995 647 1075 Βυζάντιοι
663 993 866 1077 ’ἐπολέμησαν
895 1001 1062 1077 γενναίως·
1105 1000 1160 1059 καί
1177 994 1289 1061 ἔπεσον
1309 998 1364 1062 τό·

233 1150 234 1157 ,
270 1118 322 1158 σοι
351 1090 546 1178 ἑκατέρωθεν
575 1092 654 1159 ῶστε
684 1088 756 1158 οὔτε
776 1094 850 1170 adde
870 1092 931 1174 ἐξω
959 1092 1005 1160 ἐτι
1029 1094 1189 1159 δυ’νασθσι
1207 1084 1367 1162 εἰσελθεῖν

270 1189 341 1259 οὕτε
360 1194 432 1269 τούς
466 1193 554 1259 ἔνδον
576 1198 714 1298 ἐξελθρίν
742 1195 804 1261 aiud
826 1199 888 1260 τῶν
916 1194 1100 1276 α’μετρῆτων
1122 1199 1278 1277 σωμάτων
1299 1202 1362 1260 τῶν

270 1298 396 1377 νεκρῶν.
438 1290 558 1375 ἐγένετο
588 1295 648 1377 γὰρ
685 1294 701 1357 δ
733 1293 837 1378 σωρδς
858 1298 912 1379 τῆς
942 1293 1084 1378 πληθύος
1111 1298 1173 1359 τῶν
1202 1294 1360 1361 πεσόντων
1372 1309 1404 1361 tt)

226 1396 386 1476 11νεκρῶν
405 1398 502 1477 μέχρι
531 1394 656 1473 διψίδων
687 1398 793 1458 adroic
823 1398 885 1459 τῶν
906 1399 1013 1458 πυλῶν
1032 1398 1094 1459 τῶν
1115 1400 1239 1477 τειχῶν,
1259 1393 1361 1479 πύλης

269 1498 418 1576 Χερσυῦς
447 1494 501 1558 καί
529 1499 587 1557 τοῦ
617 1494 709 1577 ἁγίου
734 1495 918 1575 Ῥωμανοῦ,
940 1495 983 1569 ῶς
1003 1493 1148 1578 ἐφαίνετο
1169 1496 1357 1578 ἐπικειμένη.

266 1591 323 1655 καί
340 1588 439 1667 οὕτως
460 1591 731 1674 δπερισχύσαντες
755 1591 783 1657 oi
806 1596 972 1678 Ἀγαρηνοέ
991 1593 1137 1673 εἰσῆλθον
1169 1588 1228 1656 deci
1252 1595 1359 1656 πᾶσαν

265 1691 322 1773 τῆν
343 1697 418 1757 ποτὲ
440 1696 498 1773 μὲν
529 1697 698 1777 περιφανῆ,
718 1692 976 1776 δυστυχεστάτην
1003 1693 1038 1754 δὲ
1065 1688 1168 1755 ἔκτοτε
1187 1692 1278 1755 πόλιν
1299 1694 1358 1755 τοῦ

238 1835 241 1847 =
269 1794 521 1856 Κωνσταντίνου.
563 1797 618 1857 καί
640 1788 724 1880 οὕτω
745 1796 867 1875 γέγονεν
888 1790 907 1874 ῆ
930 1789 1049 1867 ἅλωσις
1068 1792 1122 1874 τῆς
1143 1790 1275 1875 ἀρίστης
1294 1792 1399 1855 τῶν15

266 1890 387 1955 πόλεων
417 1890 555 1976 ταύτης,
576 1895 611 1959 ἐν
631 1891 695 1957 ἔτει
717 1891 825 1985 ,ςῇξαζ
845 1890 921 1977 μηνί
940 1892 1026 1979 pato
1048 1888 1107 1976 κθ’,
1129 1889 1232 1979 ῆμέρρ
1255 1893 1357 1977 τρίτῃ,

265 1994 360 2076 πρωΐ.

351 2093 413 2173 Τῆς
436 2090 552 2172 ἀνοχῆς
583 2114 659 2168 σου,
684 2093 819 2154 δέσποτα
842 2090 1081 2173 παντοκράτωρ,
1104 2083 1152 2153 ὅτι
1174 2087 1356 2171 ἐμακροθδ-

266 2172 372 2272 μησας
392 2172 452 2251 καί
472 2193 569 2253 ταῦτα
606 2192 754 2271 γενέσθαι
767 2178 818 2269 ,ἢ
841 2192 962 2268 μᾶλλον
985 2190 1091 2268 εἰπεῖν,
1115 2185 1355 2270 παρεχῶρησας.

264 2285 313 2360 τίς
332 2286 392 2370 γὰρ
422 2284 499 2369 ἐχνω
529 2289 585 2351 vos*
587 2311 602 2350 ν
632 2290 764 2369 κυρίους
796 2284 883 2372 ῆτίς
910 2286 1089 2369 σύμβουλος
1110 2288 1194 2374 αὐτῷ
1215 2287 1397 2368 ἐγένετσ;νο

262 2389 310 2461 τίς
333 2378 391 2451 οὖν
413 2386 618 2469 λιθσκῶρδιός
640 2390 741 2469 ἐστιν,
765 2386 799 2462 ὃς
820 2388 953 2453 δύναται
973 2386 1017 2472 μῆ
1040 2390 1176 2451 κλαῦσαι
1198 2389 1253 2450 καί
1272 2390 1356 2469 θρη-

260 2485 356 2568 νῆσαι
377 2484 432 2550 τὸν
452 2490 590 2552 τοιοῦτον
611 2489 817 2572 λεηλατισμὸν
849 2491 904 2552 καί
924 2485 1107 2574 α’φανισμὸν
1126 2489 1181 2570 τῆς
1200 2485 1355 2567 εὐδαιμσ.

264 2753 374 2804 suntin
394 2754 554 2805 exteriorem
580 2755 651 2806 inter
669 2754 736 2805 duos
765 2771 855 2805 muros
876 2753 1072 2814 manitionem,
1097 2753 1224 2821 quoniam
1242 2751 1352 2802 me'tue-
1423 2754 1424 2757 ’

261 2823 330 2874 bant
353 2826 531 2892 gravissimum
550 2821 635 2876 host'is
656 2827 795 2896 impetum,
816 2842 850 2875 ne
870 2826 939 2875 intra
959 2825 1064 2875 moenia
1081 2823 1249 2900 irrumperet.
1422 2820 1423 2827 ’

333 2911 435 2962 Tuscae
455 2913 537 2980 igitur
554 2912 699 2982 postridie,
725 2914 809 2982 prima
828 2913 917 2963 statim
941 2913 1014 2972 luce,
1035 2913 1111 2981 equis
1129 2911 1181 2962 acri
1202 2928 1280 2961 cursu
1299 2909 1376 2960 ad·-

261 2983 331 3033 vecti
351 2985 580 3051 oppugnationem
611 2985 763 3036 intulerunt
790 2983 849 3033 urbi
868 2984 1057 3050 gravissimam.
1103 2983 1229 3046 acmplti
1248 2998 1351 3044 eorum,

225 3097 227 3106 ,
261 3069 315 3122 qua
336 3062 410 3121 parte
436 3055 529 3106 ruinae
548 3055 672 3106 iacebant
690 3056 778 3116 muri,
797 3056 949 3120 irruerunt,
974 3061 1002 3105 et
1021 3054 1122 3120 magnis
1142 3054 1222 3103 etiam
1241 3052 1351 3103 moeni-

261 3123 312 3174 bus
331 3125 412 3192 potiti
432 3126 506 3192 signa
533 3142 580 3177 sua
608 3128 636 3177 in
656 3126 774 3177 turribus
801 3125 890 3177 fixere.
912 3132 1127 3192 repugnaverunt
1144 3123 1264 3189 Byzantii
1286 3125 1350 3174 ani-

259 3210 349 3257 mose;
377 3211 408 3245 ec
433 3195 679 3265 tautus'utrinque
704 3213 831 3248 numerus
854 3212 990 3246 caesorum
1022 3196 1075 3245 fuit
1101 3203 1131 3245 nt
1148 3211 1199 3245 nec
1217 3195 1264 3264 qui
1283 3194 1349 3244 loris

261 3272 353 3324 erant,
373 3265 488 3333 amplius
508 3276 617 3334 possent
635 3266 749 3334 ingredi,
766 3284 816 3318 nec
834 3267 881 3336 qui
900 3268 991 3328 intus,
1013 3265 1102 3333 egredi
1123 3282 1187 3334 prae
1205 3266 1349 3316 innumero

204 3343 207 3350 '
261 3333 417 3386 cadaverum
437 3353 542 3386 acervo.
579 3338 601 3386 is
620 3339 690 3388 enirn
712 3341 763 3388 iam
784 3339 856 3406 ip'sas
883 3346 1018 3407 portarurn
1040 3335 1183 3388 Chersonis
1201 3345 1228 3386 et
1245 3337 1271 3386 S.
1294 3339 1349 3387 llo·

262 3405 333 3455 mani
355 3405 469 3456 fornices
502 3404 661 3466 altitudine,
690 3407 888 3478 adaequaverat
907 3425 970 3469 sua,
991 3409 1027 3458 ita
1048 3415 1077 3457 ut
1096 3414 1172 3475 porta
1191 3405 1348 3458 incumbere

262 3474 436 3527 cadaveribus
455 3475 599 3526 videretur.
636 3479 672 3527 ita
692 3479 794 3529 viribus
814 3479 976 3530 valentiores
990 3479 1054 3529 sacti
1071 3475 1177 3527 barbari
1197 3479 1348 3528 universam

262 3555 437 3614 pervaserunt
453 3547 535 3606 illam,
558 3547 692 3618 quondam
715 3550 854 3613 inclytam,
873 3557 937 3600 tunc
953 3565 1016 3600 vero
1034 3548 1254 3610 infelicissimam,
1273 3549 1347 3599 Con-

263 3618 375 3668 stantini
395 3618 496 3669 urbem.
532 3619 584 3668 boc
602 3619 682 3668 modo
703 3629 855 3687 expugnata
877 3621 928 3671 luit
941 3619 1169 3690 praestantissime
1187 3619 1255 3670 haec
1275 3620 1349 3676 urbs,

263 3704 333 3738 anno
362 3687 453 3739 muudi
487 3691 575 3740 sexies
606 3689 748 3740 millesimo
784 3693 987 3757 nongentesimo
1014 3691 1178 3758 sexagesimo
1211 3707 1282 3752 uno,
1302 3689 1348 3741 dre
1395 3747 1399 3756 ‚

223 3823 226 3828 ι
263 3758 328 3809 Maii
347 3758 391 3819 29,
412 3761 458 3828 qui
480 3761 576 3811 tertius
595 3759 772 3811 hebdomadis
793 3770 859 3824 erat,
877 3770 999 3831 tempore
1019 3763 1162 3813 matutino.

345 3846 410 3897 Hem
430 3847 601 3898 tolerantiam
628 3856 701 3899 tuam
717 3886 726 3910 ,
745 3847 851 3899 domine
868 3852 1055 3918 omnipotens,
1082 3850 1129 3919 qui
1147 3847 1213 3899 haec
1230 3847 1268 3898 ita
1289 3847 1349 3906 lieri

262 3917 418 3969 sustinueris
447 3927 494 3968 aut
517 3919 608 3988 potius
633 3921 793 3986 permiseris.
841 3919 888 3970 sed
916 3922 975 3989 quis
996 3921 1071 3971 novit
1090 3927 1205 3970 mentem
1225 3917 1349 3970 domini?

262 3995 310 4038 aut
327 3989 387 4056 quis
405 3989 429 4038 ei
443 4006 465 4052 ,a
485 3991 603 4040 consiliis
625 3990 694 4041 luit?
738 3991 799 4057 quis
819 3990 856 4040 ita
874 4007 953 4042 saxeo
967 3991 1048 4041 corde
1065 3999 1107 4042 est
1125 3992 1171 4060 qui
1191 4005 1247 4039 non
1266 3990 1350 4038 lacri-

263 4066 371 4122 metur,
400 4061 446 4129 qui
473 4077 526 4111 noa
546 4059 670 4129 deploret
693 4067 794 4112 tantam
823 4054 1030 4130 spoliationem,
1048 4070 1150 4113 tantam
1169 4060 1349 4111 abolitionem
1395 4086 1399 4101 ·

228 4149 235 4162 ν
265 4128 339 4180 urbis
356 4139 418 4182 ante
436 4129 502 4183 alias
521 4132 584 4183 olim
596 4133 767 4184 felicissimae
787 4133 900 4184 illustris
917 4141 999 4204 atque
1014 4133 1183 4203 imperiosae,
1203 4147 1277 4183 nune
1297 4147 1349 4181 au·
