2884 4775
430 203 757 308 ‘aararaacnrcs
1075 230 1144 308 145

70 390 180 472 parapsis
211 391 273 453 άπό
304 392 357 455 τόν
384 392 462 455 θεὸν
493 395 548 455 κατ’
575 393 790 474 συγκλήροοοις
820 391 900 472 μετά
926 393 979 457 τόν
999 376 1147 475 calcada,
1183 432 1185 436 ·

72 488 184 564 ἔσοντας
206 488 287 574 αῦτη
309 491 326 574 ἦ
349 494 528 572 χειροτονία
552 491 589 553 νά
611 495 711 573 μηδὲν
733 494 777 565 εἰς
803 492 900 575 αῦτην
920 494 1014 577 χάρις
1036 496 1148 568 τελέως

71 588 146 671 παρά
176 594 232 653 τοῦ
259 588 397 672 μεγάλου
419 593 594 672 α’ρχιορέως
614 594 776 673 Χριστοῦ,
800 594 858 655 τοῦ
878 595 957 656 θεοῦ
980 594 1079 677 ἡμῶν,
1096 595 1150 656 καί

71 686 146 770 παρά
166 693 220 752 τοῦ
242 689 397 770 παναγίου
428 688 530 751 αῦτοῦ
551 690 739 769 πνεῦματος,
762 686 827 772 α’μῆ
850 686 927 774 ὄργη
950 690 1005 756 καί
1025 688 1148 775 κατάρα

47 792 118 857 asar*
135 792 175 861 εἰς
194 788 249 868 τόν
273 789 549 870 χειροπονοῦμενον
570 789 625 850 κατ’
642 790 692 863 εἰς.
707 787 761 853 τόν
778 795 1049 875 χειροτονηθέντα.

144 885 265 951 Λοιπὸν
299 885 317 949 ό
347 885 443 961 αάτός
474 890 657 971 Ἀροάνιος,
686 887 728 961 ὥς
758 890 886 969 ἐδέξατο
915 888 948 953 τό
969 894 1074 969 τίμιον
1097 890 1150 952 καί
1159 898 1209 952 149

10 1039 11 1048 ,
68 985 271 1068 προσκυνητόν
303 988 436 1069 γράμμα
467 985 501 1051 τό
530 990 775 1071 πατριαρχικόν,
808 988 876 1053 άντί
898 988 1028 1066 addenda
1051 984 1148 1071 ἐλογί-

67 1084 254 1150 σατοαῦτό·
310 1084 377 1168 α’μὴ
408 1087 589 1167 ἀντέγραψε
622 1085 700 1167 πρὸς
734 1087 790 1169 τὴν
821 1086 991 1171 καθολικὴν
1011 1089 1150 1173 μεγάλην

67 1187 221 1268 ἐκκλησίαν
240 1186 287 1258 εἰς
306 1184 422 1259 πλάτος
441 1184 611 1268 ὑβρίζοντα
635 1184 691 1249 τόν
713 1190 912 1271 πατριάρχην
933 1187 988 1251 καί
1007 1188 1081 1262 τοῦς
1100 1211 1151 1251 τι-

27 1283 233 1364 ιομιωτάτους
256 1284 440 1367 κληρικοῦς,
472 1284 527 1348 καί
546 1284 677 1364 ἀτιμίας
696 1280 820 1360 πολλάς
842 1285 998 1374 ἐφλυάρει
1019 1286 1036 1350 ό
1058 1311 1151 1351 τετυ·

66 1390 231 1466 φλωμένος,
254 1383 309 1445 κατ’
327 1385 380 1446 aaa
403 1383 621 1466 ἑπρόσδραμεν
651 1386 696 1458 εἰς
716 1384 772 1448 τόν
792 1386 911 1467 ἰατρόν,
933 1383 971 1450 νά
992 1387 1073 1472 λάβῃ
1095 1390 1151 1449 θε-

65 1484 190 1563 ραπείαν
213 1482 268 1546 καί
283 1483 439 1566 ἰατρείαν,
462 1485 508 1558 εἷς
529 1481 584 1545 τόν
611 1483 715 1547 κοινόν
735 1486 890 1569 αῦθέντην
910 1490 965 1549 καί
988 1483 1150 1569 δεσπότην,

63 1579 116 1643 τόν
135 1581 346 1662 οἶκονμενικόν
373 1584 591 1665 πατριάρχην,
614 1580 671 1666 την
698 1581 844 1667 ἔμψυχον
875 1584 981 1647 εἰκόνα
1005 1588 1151 1667 Χριστοῦ

63 1682 118 1742 τοῦ
137 1683 247 1762 ἰατροῦ
267 1686 329 1745 ταῖν
348 1683 464 1762 ψυχαῖν
487 1687 541 1745 καί
560 1686 622 1746 τάν
642 1682 817 1762 σωμάτιον·
869 1683 933 1767 drap*
958 1681 1087 1759 ἔσοντας
1108 1682 1147 1747 νά

24 1776 186 1866 ιδὲπαρθῇ
218 1778 238 1863 ἡ
271 1782 367 1863 χάρις
387 1785 443 1844 τοῦ
462 1786 543 1845 θεοῦ
561 1784 614 1845 ἀπ’
636 1782 736 1846 αῦτοῦ
769 1784 823 1847 κατ’
843 1783 882 1847 νά
908 1782 959 1848 τόν
981 1782 1150 1870 ἑκυριεόση

61 1874 251 1960 όῦιάβολος,
271 1878 380 1944 ἔπεσεν
408 1882 452 1953 εἰς
474 1878 674 1963 ἀπόγνωσιν,
705 1883 762 1945 κατ’
788 1884 1009 1968 ἑδιαῳὲνδευεν
1035 1880 1081 1959 τίς
1100 1880 1151 1947 τὸν

60 1974 174 2043 ἑαυτόν
194 2004 248 2043 τοο
269 1977 317 2044 ότι
338 1983 441 2055 καλάς
462 1979 568 2061 ἔκαμε.

138 2080 191 2155 Ὡς
213 2084 248 2143 δὲ
269 2079 334 2144 ἴδεν
358 2079 589 2163 ῦαατριάρχης
607 2080 686 2160 μετά
712 2084 767 2163 τῆς
790 2080 878 2162 ἱεράς
900 2082 1001 2144 αῦτοῦ
1017 2080 1152 2145 συνόδου

61 2179 119 2261 τὴν
141 2182 367 2262 άναισχυντίαν
395 2180 495 2243 αῦτοῦ
524 2181 578 2243 καί
598 2184 663 2263 τὴν
685 2179 849 2265 παρακοην
884 2180 938 2245 κατ’
957 2178 991 2243 τό
1014 2180 1154 2259 οἷπειθές,

18 2276 206 2360 λθέπεμψαν
228 2278 360 2362 γράμμα
382 2284 483 2359 τίμιον
503 2281 735 2363 πατριαρχικόν
765 2284 809 2354 εἰς
830 2280 888 2363 τήν
909 2280 1152 2360 Μονεμβασίαν,

56 2382 112 2443 και1
133 2377 295 2462 ἐκάθηραν
316 2380 421 2443 αῦτόν.
464 2378 519 2443 κατ’
538 2377 621 2444 ἴόετε
642 2378 696 2443 κατ’
715 2379 772 2465 τήν
791 2376 951 2466 άαόφασιν
969 2382 1153 2464 τῆςκαθαι-
1205 2435 1206 2439 ,

58 2483 177 2561 ρὲσειυς
199 2480 312 2542 αῦτοῦ.

55 2673 148 2723 ritate.
186 2672 267 2722 talem
287 2670 500 2739 designationem
518 2689 577 2723 csse
598 2682 715 2724 sanctam
737 2682 765 2724 ot
783 2681 875 2736 ratam,
892 2672 1025 2725 beneficio
1044 2680 1073 2724 et
1090 2687 1152 2739 gra·

54 2745 93 2794 tia
114 2744 202 2806 sancti
223 2743 319 2794 vivifici
348 2745 466 2811 spiritns.
513 2743 560 2793 sed
581 2753 611 2795 ut
631 2745 772 2812 episcopus
797 2742 920 2810 designet
940 2743 1149 2812 metropolitam,

53 2813 82 2864 id
101 2830 169 2864 vero
188 2825 247 2863 cum
266 2830 368 2881 samma
389 2814 529 2881 impietate
557 2816 729 2872 coniunctum
761 2831 819 2865 esse
849 2825 876 2866 et
897 2813 981 2884 adeo
1001 2814 1150 2864 remotissi-

51 2901 135 2945 mam,
156 2885 384 2935 consociationem
401 2883 529 2952 denique
554 2901 614 2935 cum
634 2894 744 2946 satana,
771 2884 991 2955 quandoquidem
1015 2883 1049 2934 ad
1067 2883 1148 2935 talem

49 2955 256 3006 ordinationem
285 2956 360 3005 nulla
379 2955 459 3028 plane
476 2971 492 3013 a
510 2972 612 3007 stimmo
633 2956 760 3023 pontifice
779 2955 900 3017 Christo,
921 2955 972 3004 deo
991 2962 1103 3015 nostro,
1118 2962 1150 3005 et

49 3027 226 3078 sanctissimo
251 3026 309 3079 eins
339 3027 433 3094 spiritu
461 3026 570 3076 accedet
597 3029 699 3094 gratia,
719 3026 766 3077 sed
787 3028 826 3076 ira
844 3036 872 3076 et
890 3026 1024 3076 execratio
1043 3033 1100 3076 tum
1121 3026 1151 3075 in

48 3097 229 3148 ordinantem
248 3106 304 3149 tum
322 3099 351 3149 in
369 3096 530 3147 ordinatum.

125 3187 186 3236 Hoc
204 3185 386 3236 venerandum
405 3181 574 3252 patriarchae
592 3190 620 3233 et
638 3181 803 3237 adorandam
824 3183 979 3251 rescriptum
1000 3191 1030 3234 nt
1046 3183 1168 3251 accepit'

47 3257 206 3317 Arrenius,
235 3273 282 3324 pro
302 3256 388 3306 nihilo
406 3257 529 3322 putavit:
557 3253 603 3304 sed
623 3271 777 3321 responsum
802 3253 835 3303 ad
853 3262 971 3306 sanctam
988 3251 1150 3305 catholicam

46 3328 212 3378 ecclesiam‘
230 3328 366 3395 rescripsit
381 3327 496 3376 iniuriae
517 3335 544 3374 et
564 3325 744 3375 contumeliae
763 3324 889 3392 plenum,
916 3341 969 3395 qua
988 3326 1016 3375 in
1034 3325 1150 3394 patriar-

44 3397 128 3448 cham
148 3413 206 3467 qna
227 3399 255 3447 in
275 3397 444 3448 venerabiles
464 3397 585 3453 clericos,
606 3396 689 3445 multa
703 3411 798 3463 magno
818 3413 876 3446 cum
896 3402 1034 3446 contemtu
1053 3395 1083 3446 in
1102 3411 1148 3446 eos

44 3469 242 3528 deblaterans‚
265 3469 345 3518 homo
364 3485 466 3518 caecus.
512 3465 580 3518 adeo
599 3467 690 3517 noluit
709 3465 742 3516 ad
760 3465 893 3518 medicum
913 3482 1050 3516 accurrere
1073 3467 1148 3536 capi-

42 3539 138 3590 endae
167 3538 320 3590 medicinae
346 3547 374 3590 et
392 3538 545 3588 ‘curationis
564 3554 660 3599 causa,
679 3536 713 3586 ad
732 3553 899 3587 communem
921 3537 1038 3587 omnium
1059 3535 1148 3588 domi·

40 3627 128 3672 nram,
151 3611 357 3661 oecumenicum
372 3607 567 3679 patriarcham
584 3607 617 3658 ad
638 3609 783 3658 animatam
800 3609 942 3674 imaginem
966 3605 1073 3669 Christi,
1090 3616 1147 3658 tum

38 3682 206 3732 animorum
227 3690 283 3733 tum
303 3682 444 3749 corporum
463 3680 578 3730 medici:
593 3677 640 3729 sed
660 3695 718 3728 cum
742 3679 823 3728 semel
843 3679 867 3728 ei
888 3679 971 3746 gratia
991 3677 1035 3730 dei
1054 3676 1147 3729 adem-

35 3761 88 3820 pta
114 3759 202 3810 esset,
224 3753 253 3801 in
271 3751 524 3821 possessionemque
539 3751 627 3800 miseri
644 3749 770 3799 diabolus
788 3749 913 3810 venisset,
931 3749 958 3799 in
977 3747 1146 3817 desperatio-

34 3839 105 3872 nem
127 3821 241 3882 incidit,
259 3822 485 3891 improbissimnm
504 3839 579 3872 suum
599 3821 698 3871 lactum
717 3819 888 3888 impudenter
907 3819 1062 3871 defendens.

114 3908 276 3961 Patrinrcha
302 3911 384 3976 igitur
405 3920 432 3961 et
450 3928 552 3961 sacrum
583 3926 641 3958 cum
668 3910 725 3977 ipso
745 3907 907 3968 concilium,
929 3917 1069 3966 cernentes
1088 3909 1145 3959 eius

30 3981 252 4049 impudentiam
273 3980 486 4032 inobedientiam
515 3990 541 4030 et
561 3979 806 4048 inobsequentiara,
826 3980 956 4030 miserunt
975 3996 1076 4030 sacrum
1096 3995 1146 4046 pa·

30 4053 225 4102 triarchicum
248 4049 459 4104 Monembasiam
483 4053 648 4118 rescriptam,
667 4068 721 4119 qno
743 4051 828 4117 ipsura
851 4049 883 4100 de
902 4048 1000 4100 throno
1019 4049 1144 4102 detraxe-

29 4132 114 4175 runt.
161 4124 242 4173 cuius
263 4124 414 4174 sententiae
436 4123 586 4192 exemplum
608 4121 651 4174 hic
668 4120 831 4172 subiecimus

96 4217 179 4268 Har.
197 4225 251 4285 pat.
272 4217 320 4268 ΟΡ.
920 4211 952 4264 10
