<?xml version="1.0" encoding="UTF-8"?>
<!DOCTYPE html PUBLIC "-//W3C//DTD XHTML 1.0 Transitional//EN"
    "http://www.w3.org/TR/xhtml1/DTD/xhtml1-transitional.dtd">
<html xmlns="http://www.w3.org/1999/xhtml" xml:lang="en" lang="en">
 <head>
  <title>
</title>
<meta http-equiv="Content-Type" content="text/html;charset=utf-8" />
  <meta name='ocr-system' content='tesseract 3.04.00' />
  <meta name='ocr-capabilities' content='ocr_page ocr_carea ocr_par ocr_line ocrx_word'/>
</head>
<body>
  <div class='ocr_page' id='page_1' title='image "./historiapolitic01bekkgoog_0017.png"; bbox 0 0 2884 4775; ppageno 0'>
   <div class='ocr_carea' id='block_1_1' title="bbox 572 232 1211 305">
    <p class='ocr_par' dir='ltr' id='par_1_1' title="bbox 572 232 1211 305">
     <span class='ocr_line' id='line_1_1' title="bbox 572 232 1211 305; baseline 0.013 -8"><span class='ocrx_word' id='word_1_1' title='bbox 572 232 771 300; x_wconf 81' lang='lat' dir='ltr'><strong>POLlTlCll.</strong></span> <span class='ocrx_word' id='word_1_2' title='bbox 1139 232 1143 238; x_wconf 44' lang='lat'><strong>¹</strong></span> <span class='ocrx_word' id='word_1_3' title='bbox 1187 235 1211 305; x_wconf 82' lang='lat'>9</span> 
     </span>
    </p>
   </div>
   <div class='ocr_carea' id='block_1_2' title="bbox 91 378 1276 2365">
    <p class='ocr_par' dir='ltr' id='par_1_2' title="bbox 91 378 1276 2365">
     <span class='ocr_line' id='line_1_2' title="bbox 134 378 1216 472; baseline 0.006 -27"><span class='ocrx_word' id='word_1_4' title='bbox 134 379 244 461; x_wconf 92' lang='grc' dir='ltr'><strong><em>κυρίου</em></strong></span> <span class='ocrx_word' id='word_1_5' title='bbox 262 380 392 467; x_wconf 68' lang='grc' dir='ltr'><strong><em>Ἰωσήφ,</em></strong></span> <span class='ocrx_word' id='word_1_6' title='bbox 415 378 450 456; x_wconf 79' lang='grc' dir='ltr'><strong>ῦς</strong></span> <span class='ocrx_word' id='word_1_7' title='bbox 470 383 524 445; x_wconf 85' lang='grc' dir='ltr'><strong>καί</strong></span> <span class='ocrx_word' id='word_1_8' title='bbox 543 379 575 447; x_wconf 81' lang='grc' dir='ltr'><strong><em>ἒν</em></strong></span> <span class='ocrx_word' id='word_1_9' title='bbox 588 384 771 472; x_wconf 78' lang='grc' dir='ltr'><strong><em>Φλωρεντίρ</em></strong></span> <span class='ocrx_word' id='word_1_10' title='bbox 793 380 980 469; x_wconf 78' lang='grc' dir='ltr'><strong><em>ἐτελεύτησε,</em></strong></span> <span class='ocrx_word' id='word_1_11' title='bbox 1000 386 1055 451; x_wconf 84' lang='grc' dir='ltr'><strong>καί</strong></span> <span class='ocrx_word' id='word_1_12' title='bbox 1073 393 1216 471; x_wconf 80' lang='grc' dir='ltr'><strong><em>λειτουρ·</em></strong></span> 
     </span>
     <span class='ocr_line' id='line_1_3' title="bbox 135 482 1215 570; baseline 0.004 -25"><span class='ocrx_word' id='word_1_13' title='bbox 135 482 205 564; x_wconf 79' lang='grc' dir='ltr'><strong>γιάς</strong></span> <span class='ocrx_word' id='word_1_14' title='bbox 227 483 391 564; x_wconf 76' lang='grc' dir='ltr'><em>γενομένης</em></span> <span class='ocrx_word' id='word_1_15' title='bbox 418 483 451 545; x_wconf 77' lang='grc' dir='ltr'><strong><em>ἐν</em></strong></span> <span class='ocrx_word' id='word_1_16' title='bbox 480 485 519 565; x_wconf 77' lang='grc' dir='ltr'><strong>τῷ</strong></span> <span class='ocrx_word' id='word_1_17' title='bbox 540 487 675 570; x_wconf 75' lang='grc' dir='ltr'><em>μεγίστῳ</em></span> <span class='ocrx_word' id='word_1_18' title='bbox 704 488 768 569; x_wconf 76' lang='grc' dir='ltr'><strong>ναῷ</strong></span> <span class='ocrx_word' id='word_1_19' title='bbox 799 488 854 567; x_wconf 81' lang='grc' dir='ltr'><strong>τῆς</strong></span> <span class='ocrx_word' id='word_1_20' title='bbox 874 489 930 550; x_wconf 88' lang='grc' dir='ltr'><strong>τοῦ</strong></span> <span class='ocrx_word' id='word_1_21' title='bbox 951 489 1029 550; x_wconf 89' lang='grc' dir='ltr'><strong><em>θεοῦ</em></strong></span> <span class='ocrx_word' id='word_1_22' title='bbox 1048 482 1141 570; x_wconf 80' lang='grc' dir='ltr'><strong><em>λόγου</em></strong></span> <span class='ocrx_word' id='word_1_23' title='bbox 1162 512 1215 553; x_wconf 87' lang='grc' dir='ltr'><strong>σο-</strong></span> 
     </span>
     <span class='ocr_line' id='line_1_4' title="bbox 137 576 1217 669; baseline 0.007 -26"><span class='ocrx_word' id='word_1_24' title='bbox 137 582 214 665; x_wconf 82' lang='grc' dir='ltr'><strong><em>φίας</em></strong></span> <span class='ocrx_word' id='word_1_25' title='bbox 233 576 423 665; x_wconf 79' lang='grc' dir='ltr'><strong><em>ἐμελέτησαν</em></strong></span> <span class='ocrx_word' id='word_1_26' title='bbox 453 585 508 644; x_wconf 72' lang='lat' dir='ltr'><strong>sat</strong></span> <span class='ocrx_word' id='word_1_27' title='bbox 526 580 688 664; x_wconf 76' lang='grc' dir='ltr'><strong><em>ἐκύρωσαν</em></strong></span> <span class='ocrx_word' id='word_1_28' title='bbox 713 584 918 664; x_wconf 82' lang='grc' dir='ltr'><strong><em>α’ποπλεῦσαι,</em></strong></span> <span class='ocrx_word' id='word_1_29' title='bbox 940 584 1217 669; x_wconf 71' lang='grc' dir='ltr'><strong><em>χειροτονήσαντες</em></strong></span> 
     </span>
     <span class='ocr_line' id='line_1_5' title="bbox 91 675 1215 771; baseline 0.006 -30"><span class='ocrx_word' id='word_1_30' title='bbox 91 711 100 721; x_wconf 87' lang='grc'><strong>-</strong></span> <span class='ocrx_word' id='word_1_31' title='bbox 136 675 270 762; x_wconf 76' lang='grc' dir='ltr'><strong><em>ἔξαρχον</em></strong></span> <span class='ocrx_word' id='word_1_32' title='bbox 297 681 351 763; x_wconf 80' lang='grc' dir='ltr'><strong>τῆς</strong></span> <span class='ocrx_word' id='word_1_33' title='bbox 377 677 513 745; x_wconf 76' lang='grc' dir='ltr'><strong><em>συνόδου</em></strong></span> <span class='ocrx_word' id='word_1_34' title='bbox 543 681 676 765; x_wconf 79' lang='grc' dir='ltr'><strong><em>Μάρκον</em></strong></span> <span class='ocrx_word' id='word_1_35' title='bbox 711 681 768 746; x_wconf 92' lang='grc' dir='ltr'><strong>τόν</strong></span> <span class='ocrx_word' id='word_1_36' title='bbox 795 682 970 765; x_wconf 77' lang='grc' dir='ltr'><strong><em>εδγενικόν,</em></strong></span> <span class='ocrx_word' id='word_1_37' title='bbox 999 684 1054 747; x_wconf 89' lang='grc' dir='ltr'><strong>τόν</strong></span> <span class='ocrx_word' id='word_1_38' title='bbox 1084 687 1215 771; x_wconf 80' lang='grc' dir='ltr'><strong><em>Ἑφέσου</em></strong></span> 
     </span>
     <span class='ocr_line' id='line_1_6' title="bbox 112 774 1216 863; baseline 0.005 -25"><span class='ocrx_word' id='word_1_39' title='bbox 112 778 369 863; x_wconf 87' lang='grc' dir='ltr'><strong><em>5μητροπολίτην.</em></strong></span> <span class='ocrx_word' id='word_1_40' title='bbox 393 778 592 855; x_wconf 72' lang='grc' dir='ltr'><strong><em>κατελθόντες</em></strong></span> <span class='ocrx_word' id='word_1_41' title='bbox 614 774 670 844; x_wconf 80' lang='grc' dir='ltr'><strong><em>οῦν</em></strong></span> <span class='ocrx_word' id='word_1_42' title='bbox 689 782 746 844; x_wconf 88' lang='grc' dir='ltr'><strong>καί</strong></span> <span class='ocrx_word' id='word_1_43' title='bbox 764 784 832 845; x_wconf 85' lang='grc' dir='ltr'><strong><em>ἐκεῖ</em></strong></span> <span class='ocrx_word' id='word_1_44' title='bbox 855 778 1045 860; x_wconf 73' lang='grc' dir='ltr'><strong><em>ἀπελθόντες</em></strong></span> <span class='ocrx_word' id='word_1_45' title='bbox 1065 785 1120 849; x_wconf 85' lang='grc' dir='ltr'><strong>καί</strong></span> <span class='ocrx_word' id='word_1_46' title='bbox 1138 810 1216 849; x_wconf 89' lang='grc' dir='ltr'><strong><em>συν.</em></strong></span> 
     </span>
     <span class='ocr_line' id='line_1_7' title="bbox 135 875 1216 968; baseline 0.004 -29"><span class='ocrx_word' id='word_1_47' title='bbox 135 875 272 953; x_wconf 59' lang='lat' dir='ltr'><strong>statuas</strong></span> <span class='ocrx_word' id='word_1_48' title='bbox 302 877 488 962; x_wconf 87' lang='grc' dir='ltr'><strong><em>ποιήσαντες</em></strong></span> <span class='ocrx_word' id='word_1_49' title='bbox 514 880 570 941; x_wconf 85' lang='grc' dir='ltr'><strong>καί</strong></span> <span class='ocrx_word' id='word_1_50' title='bbox 587 882 703 944; x_wconf 89' lang='grc' dir='ltr'><strong><em>διετίαν</em></strong></span> <span class='ocrx_word' id='word_1_51' title='bbox 726 875 801 965; x_wconf 84' lang='grc' dir='ltr'><strong><em>όλην</em></strong></span> <span class='ocrx_word' id='word_1_52' title='bbox 830 885 1086 965; x_wconf 79' lang='grc' dir='ltr'><strong><em>ἐνδιατρίψαντες</em></strong></span> <span class='ocrx_word' id='word_1_53' title='bbox 1108 886 1216 968; x_wconf 81' lang='grc' dir='ltr'><strong><em>ε’πυίη.</em></strong></span> 
     </span>
     <span class='ocr_line' id='line_1_8' title="bbox 135 976 1217 1073; baseline 0.008 -32"><span class='ocrx_word' id='word_1_54' title='bbox 135 999 196 1041; x_wconf 86' lang='grc' dir='ltr'><strong>σαν</strong></span> <span class='ocrx_word' id='word_1_55' title='bbox 216 978 274 1057; x_wconf 82' lang='grc' dir='ltr'><strong><em>μὲν</em></strong></span> <span class='ocrx_word' id='word_1_56' title='bbox 294 978 419 1054; x_wconf 78' lang='grc' dir='ltr'><strong><em>ἕνωσιν,</em></strong></span> <span class='ocrx_word' id='word_1_57' title='bbox 442 976 485 1051; x_wconf 75' lang='grc' dir='ltr'><strong>ὥς</strong></span> <span class='ocrx_word' id='word_1_58' title='bbox 511 978 739 1060; x_wconf 75' lang='grc' dir='ltr'><strong><em>τόΠρακτικό</em></strong></span> <span class='ocrx_word' id='word_1_59' title='bbox 769 985 824 1065; x_wconf 85' lang='grc' dir='ltr'><strong>τής</strong></span> <span class='ocrx_word' id='word_1_60' title='bbox 843 978 878 1046; x_wconf 78' lang='grc' dir='ltr'><strong><em>ἐν</em></strong></span> <span class='ocrx_word' id='word_1_61' title='bbox 899 986 1082 1073; x_wconf 60' lang='lat' dir='ltr'><strong>campana</strong></span> <span class='ocrx_word' id='word_1_62' title='bbox 1102 983 1217 1069; x_wconf 86' lang='grc' dir='ltr'><strong><em>ταύτης</em></strong></span> 
     </span>
     <span class='ocr_line' id='line_1_9' title="bbox 135 1072 1216 1165; baseline 0.008 -28"><span class='ocrx_word' id='word_1_63' title='bbox 135 1076 300 1158; x_wconf 77' lang='grc' dir='ltr'><strong><em>λεγομένης</em></strong></span> <span class='ocrx_word' id='word_1_64' title='bbox 314 1072 427 1160; x_wconf 78' lang='grc' dir='ltr'><strong><em>όγδόης</em></strong></span> <span class='ocrx_word' id='word_1_65' title='bbox 444 1074 580 1141; x_wconf 87' lang='grc' dir='ltr'><strong><em>συνόδου</em></strong></span> <span class='ocrx_word' id='word_1_66' title='bbox 594 1083 686 1160; x_wconf 78' lang='grc' dir='ltr'><strong><em>λέγει,</em></strong></span> <span class='ocrx_word' id='word_1_67' title='bbox 704 1085 790 1154; x_wconf 72' lang='grc' dir='ltr'><strong><em>τέλος</em></strong></span> <span class='ocrx_word' id='word_1_68' title='bbox 806 1083 841 1145; x_wconf 82' lang='grc' dir='ltr'><strong>δὲ</strong></span> <span class='ocrx_word' id='word_1_69' title='bbox 853 1083 993 1163; x_wconf 83' lang='grc' dir='ltr'><strong><em>χρηστόν</em></strong></span> <span class='ocrx_word' id='word_1_70' title='bbox 1013 1085 1115 1165; x_wconf 79' lang='grc' dir='ltr'><strong><em>ον’δέν,</em></strong></span> <span class='ocrx_word' id='word_1_71' title='bbox 1135 1080 1216 1158; x_wconf 79' lang='grc' dir='ltr'><strong><em>ὅλως</em></strong></span> 
     </span>
     <span class='ocr_line' id='line_1_10' title="bbox 134 1172 1217 1264; baseline 0.009 -27"><span class='ocrx_word' id='word_1_72' title='bbox 134 1175 192 1237; x_wconf 88' lang='grc' dir='ltr'><strong>τοῦ</strong></span> <span class='ocrx_word' id='word_1_73' title='bbox 209 1174 340 1259; x_wconf 83' lang='grc' dir='ltr'><strong><em>Ἐφέσου</em></strong></span> <span class='ocrx_word' id='word_1_74' title='bbox 360 1174 405 1259; x_wconf 88' lang='grc' dir='ltr'><strong>μή</strong></span> <span class='ocrx_word' id='word_1_75' title='bbox 430 1172 678 1258; x_wconf 79' lang='grc' dir='ltr'><strong><em>ύπσγρόψαντυς,</em></strong></span> <span class='ocrx_word' id='word_1_76' title='bbox 700 1177 781 1243; x_wconf 83' lang='grc' dir='ltr'><strong><em>α’λλοὶ</em></strong></span> <span class='ocrx_word' id='word_1_77' title='bbox 802 1184 856 1243; x_wconf 83' lang='grc' dir='ltr'><strong><em>κατ’</em></strong></span> <span class='ocrx_word' id='word_1_78' title='bbox 869 1186 1061 1264; x_wconf 80' lang='grc' dir='ltr'><strong><em>λογομαχίας</em></strong></span> <span class='ocrx_word' id='word_1_79' title='bbox 1080 1185 1136 1247; x_wconf 84' lang='grc' dir='ltr'><strong>καί</strong></span> <span class='ocrx_word' id='word_1_80' title='bbox 1155 1177 1217 1247; x_wconf 79' lang='grc' dir='ltr'><strong>αύ-</strong></span> 
     </span>
     <span class='ocr_line' id='line_1_11' title="bbox 95 1272 1214 1365; baseline 0.011 -30"><span class='ocrx_word' id='word_1_81' title='bbox 95 1285 128 1339; x_wconf 85' lang='grc'><strong>10</strong></span> <span class='ocrx_word' id='word_1_82' title='bbox 136 1277 189 1350; x_wconf 83' lang='grc' dir='ltr'><strong>θις</strong></span> <span class='ocrx_word' id='word_1_83' title='bbox 209 1273 399 1359; x_wconf 84' lang='grc' dir='ltr'><strong><em>κινησόντων</em></strong></span> <span class='ocrx_word' id='word_1_84' title='bbox 421 1277 552 1356; x_wconf 77' lang='grc' dir='ltr'><strong><em>πολλῶν,</em></strong></span> <span class='ocrx_word' id='word_1_85' title='bbox 573 1272 624 1340; x_wconf 83' lang='grc' dir='ltr'><strong><em>δ’τε</em></strong></span> <span class='ocrx_word' id='word_1_86' title='bbox 638 1281 682 1352; x_wconf 83' lang='grc' dir='ltr'><strong>εἰς</strong></span> <span class='ocrx_word' id='word_1_87' title='bbox 696 1281 1003 1362; x_wconf 83' lang='grc' dir='ltr'><strong><em>τήνΚιονσταντίνου</em></strong></span> <span class='ocrx_word' id='word_1_88' title='bbox 1024 1278 1214 1365; x_wconf 76' lang='grc' dir='ltr'><strong><em>ἐπανῆλθον.</em></strong></span> 
     </span>
     <span class='ocr_line' id='line_1_12' title="bbox 138 1370 1217 1464; baseline 0.005 -26"><span class='ocrx_word' id='word_1_89' title='bbox 138 1370 212 1439; x_wconf 80' lang='grc' dir='ltr'><strong><em>ὅθεν</em></strong></span> <span class='ocrx_word' id='word_1_90' title='bbox 234 1376 367 1455; x_wconf 85' lang='grc' dir='ltr'><strong><em>οῦδεμία</em></strong></span> <span class='ocrx_word' id='word_1_91' title='bbox 400 1379 521 1459; x_wconf 81' lang='grc' dir='ltr'><strong><em>ἐγένετο</em></strong></span> <span class='ocrx_word' id='word_1_92' title='bbox 542 1374 692 1460; x_wconf 79' lang='grc' dir='ltr'><strong><em>βοήθεια,</em></strong></span> <span class='ocrx_word' id='word_1_93' title='bbox 712 1375 794 1443; x_wconf 77' lang='lat' dir='ltr'><strong>cilici</strong></span> <span class='ocrx_word' id='word_1_94' title='bbox 812 1378 868 1443; x_wconf 86' lang='grc' dir='ltr'><strong>τόν</strong></span> <span class='ocrx_word' id='word_1_95' title='bbox 884 1377 981 1445; x_wconf 84' lang='grc' dir='ltr'><strong><em>Ὕλαν</em></strong></span> <span class='ocrx_word' id='word_1_96' title='bbox 1001 1376 1130 1464; x_wconf 79' lang='grc' dir='ltr'><strong><em>ἔκραζον</em></strong></span> <span class='ocrx_word' id='word_1_97' title='bbox 1148 1406 1217 1445; x_wconf 90' lang='grc' dir='ltr'><strong><em>και-</em></strong></span> 
     </span>
     <span class='ocr_line' id='line_1_13' title="bbox 136 1470 314 1557; baseline 0.017 -23"><span class='ocrx_word' id='word_1_98' title='bbox 136 1470 194 1557; x_wconf 88' lang='grc' dir='ltr'><strong><em>ρόν</em></strong></span> <span class='ocrx_word' id='word_1_99' title='bbox 214 1470 314 1537; x_wconf 90' lang='grc' dir='ltr'><strong><em>τόσον.</em></strong></span> 
     </span>
     <span class='ocr_line' id='line_1_14' title="bbox 233 1570 1216 1657; baseline 0.003 -21"><span class='ocrx_word' id='word_1_100' title='bbox 233 1570 481 1637; x_wconf 86' lang='grc' dir='ltr'><strong><em>Ἐπανελθόντων</em></strong></span> <span class='ocrx_word' id='word_1_101' title='bbox 506 1576 541 1639; x_wconf 81' lang='grc' dir='ltr'><strong>δὲ</strong></span> <span class='ocrx_word' id='word_1_102' title='bbox 574 1573 635 1637; x_wconf 79' lang='grc' dir='ltr'><strong><em>α’πό</em></strong></span> <span class='ocrx_word' id='word_1_103' title='bbox 665 1576 792 1654; x_wconf 82' lang='grc' dir='ltr'><strong><em>Ἰταλίας</em></strong></span> <span class='ocrx_word' id='word_1_104' title='bbox 818 1580 988 1657; x_wconf 75' lang='grc' dir='ltr'><strong><em>κατέλαβεν</em></strong></span> <span class='ocrx_word' id='word_1_105' title='bbox 1021 1574 1038 1641; x_wconf 81' lang='grc' dir='ltr'><strong><em>ὅ</em></strong></span> <span class='ocrx_word' id='word_1_106' title='bbox 1066 1575 1216 1657; x_wconf 76' lang='grc' dir='ltr'><strong><em>βασιλεύς</em></strong></span> 
     </span>
     <span class='ocr_line' id='line_1_15' title="bbox 135 1667 1216 1760; baseline 0.003 -25"><span class='ocrx_word' id='word_1_107' title='bbox 135 1670 191 1755; x_wconf 89' lang='grc' dir='ltr'><strong>τήν</strong></span> <span class='ocrx_word' id='word_1_108' title='bbox 212 1667 327 1738; x_wconf 76' lang='grc' dir='ltr'><strong><em>ἑαυτοῦ</em></strong></span> <span class='ocrx_word' id='word_1_109' title='bbox 354 1672 504 1758; x_wconf 82' lang='grc' dir='ltr'><strong><em>φιλτότην</em></strong></span> <span class='ocrx_word' id='word_1_110' title='bbox 537 1685 669 1756; x_wconf 76' lang='grc' dir='ltr'><strong><em>γυναῖκα</em></strong></span> <span class='ocrx_word' id='word_1_111' title='bbox 697 1680 831 1758; x_wconf 88' lang='grc' dir='ltr'><strong><em>Μαρίαν</em></strong></span> <span class='ocrx_word' id='word_1_112' title='bbox 864 1676 921 1760; x_wconf 86' lang='grc' dir='ltr'><strong>τήν</strong></span> <span class='ocrx_word' id='word_1_113' title='bbox 951 1675 1216 1760; x_wconf 79' lang='grc' dir='ltr'><strong><em>Καντακοοζηνήν</em></strong></span> 
     </span>
     <span class='ocr_line' id='line_1_16' title="bbox 95 1768 1276 1861; baseline 0.005 -28"><span class='ocrx_word' id='word_1_114' title='bbox 95 1774 127 1826; x_wconf 87' lang='grc'><strong>15</strong></span> <span class='ocrx_word' id='word_1_115' title='bbox 136 1771 193 1835; x_wconf 85' lang='grc' dir='ltr'><strong><em>οῦκ</em></strong></span> <span class='ocrx_word' id='word_1_116' title='bbox 214 1774 247 1835; x_wconf 82' lang='grc' dir='ltr'><strong><em>ἐν</em></strong></span> <span class='ocrx_word' id='word_1_117' title='bbox 271 1774 365 1850; x_wconf 84' lang='grc' dir='ltr'><strong><em>ζιῦσιν</em></strong></span> <span class='ocrx_word' id='word_1_118' title='bbox 384 1771 464 1837; x_wconf 68' lang='lat' dir='ltr'><strong>asts</strong></span> <span class='ocrx_word' id='word_1_119' title='bbox 487 1774 714 1858; x_wconf 77' lang='grc' dir='ltr'><strong><em>τελευτήσασαν</em></strong></span> <span class='ocrx_word' id='word_1_120' title='bbox 735 1774 794 1856; x_wconf 89' lang='grc' dir='ltr'><strong>πρό</strong></span> <span class='ocrx_word' id='word_1_121' title='bbox 811 1780 942 1861; x_wconf 88' lang='grc' dir='ltr'><strong><em>καιροῦ·</em></strong></span> <span class='ocrx_word' id='word_1_122' title='bbox 963 1779 1019 1841; x_wconf 85' lang='grc' dir='ltr'><strong>καί</strong></span> <span class='ocrx_word' id='word_1_123' title='bbox 1037 1771 1137 1850; x_wconf 72' lang='grc' dir='ltr'><strong><em>οὕτως</em></strong></span> <span class='ocrx_word' id='word_1_124' title='bbox 1160 1768 1215 1839; x_wconf 75' lang='grc' dir='ltr'><strong>οὗ.</strong></span> <span class='ocrx_word' id='word_1_125' title='bbox 1270 1780 1276 1793; x_wconf 87' lang='grc'><em>’</em></span> 
     </span>
     <span class='ocr_line' id='line_1_17' title="bbox 135 1866 1217 1962; baseline 0.003 -27"><span class='ocrx_word' id='word_1_126' title='bbox 135 1892 187 1947; x_wconf 85' lang='grc' dir='ltr'><strong>τος</strong></span> <span class='ocrx_word' id='word_1_127' title='bbox 207 1872 266 1953; x_wconf 78' lang='grc' dir='ltr'><strong><em>μὲν</em></strong></span> <span class='ocrx_word' id='word_1_128' title='bbox 287 1875 321 1935; x_wconf 79' lang='grc' dir='ltr'><strong><em>ἐν</em></strong></span> <span class='ocrx_word' id='word_1_129' title='bbox 342 1868 424 1960; x_wconf 82' lang='grc' dir='ltr'><strong><em>λύπη</em></strong></span> <span class='ocrx_word' id='word_1_130' title='bbox 445 1866 492 1956; x_wconf 78' lang='grc' dir='ltr'><strong><em>ήν.</em></strong></span> <span class='ocrx_word' id='word_1_131' title='bbox 544 1872 572 1937; x_wconf 82' lang='grc' dir='ltr'><strong>οἱ</strong></span> <span class='ocrx_word' id='word_1_132' title='bbox 594 1876 629 1937; x_wconf 84' lang='grc' dir='ltr'><strong>δὲ</strong></span> <span class='ocrx_word' id='word_1_133' title='bbox 660 1876 694 1938; x_wconf 81' lang='grc' dir='ltr'><strong><em>ἐν</em></strong></span> <span class='ocrx_word' id='word_1_134' title='bbox 713 1878 752 1962; x_wconf 77' lang='grc' dir='ltr'><strong>τῇ</strong></span> <span class='ocrx_word' id='word_1_135' title='bbox 771 1874 858 1940; x_wconf 89' lang='grc' dir='ltr'><strong><em>πόλει</em></strong></span> <span class='ocrx_word' id='word_1_136' title='bbox 878 1878 1027 1959; x_wconf 87' lang='grc' dir='ltr'><strong><em>κληρικοί,</em></strong></span> <span class='ocrx_word' id='word_1_137' title='bbox 1047 1874 1217 1957; x_wconf 74' lang='grc' dir='ltr'><strong><em>ἱερυμόνα-</em></strong></span> 
     </span>
     <span class='ocr_line' id='line_1_18' title="bbox 135 1968 1216 2064; baseline 0.006 -32"><span class='ocrx_word' id='word_1_138' title='bbox 135 1992 210 2052; x_wconf 86' lang='grc' dir='ltr'><strong><em>χοι,</em></strong></span> <span class='ocrx_word' id='word_1_139' title='bbox 232 1968 344 2053; x_wconf 79' lang='grc' dir='ltr'><strong><em>ἱερεῖς,</em></strong></span> <span class='ocrx_word' id='word_1_140' title='bbox 366 1972 543 2055; x_wconf 75' lang='grc' dir='ltr'><strong><em>ἡγούμενοι,</em></strong></span> <span class='ocrx_word' id='word_1_141' title='bbox 564 1977 770 2054; x_wconf 84' lang='grc' dir='ltr'><strong><em>πνευματικοί</em></strong></span> <span class='ocrx_word' id='word_1_142' title='bbox 788 1980 840 2039; x_wconf 85' lang='grc' dir='ltr'><strong>καί</strong></span> <span class='ocrx_word' id='word_1_143' title='bbox 852 1973 881 2039; x_wconf 85' lang='lat' dir='ltr'><strong>oi</strong></span> <span class='ocrx_word' id='word_1_144' title='bbox 902 1976 1006 2040; x_wconf 84' lang='grc' dir='ltr'><strong><em>λοιποί</em></strong></span> <span class='ocrx_word' id='word_1_145' title='bbox 1027 1973 1090 2064; x_wconf 69' lang='grc' dir='ltr'><strong>οῦκ1</strong></span> <span class='ocrx_word' id='word_1_146' title='bbox 1103 1970 1216 2061; x_wconf 86' lang='grc' dir='ltr'><strong><em>ήθελσν</em></strong></span> 
     </span>
     <span class='ocr_line' id='line_1_19' title="bbox 135 2069 1216 2159; baseline 0.005 -24"><span class='ocrx_word' id='word_1_147' title='bbox 135 2075 417 2156; x_wconf 78' lang='grc' dir='ltr'><strong><em>συλλειτσυργήσαι</em></strong></span> <span class='ocrx_word' id='word_1_148' title='bbox 448 2080 514 2148; x_wconf 83' lang='grc' dir='ltr'><strong><em>τοῖς</em></strong></span> <span class='ocrx_word' id='word_1_149' title='bbox 546 2076 694 2139; x_wconf 76' lang='grc' dir='ltr'><strong><em>ἐλθοῦσιν</em></strong></span> <span class='ocrx_word' id='word_1_150' title='bbox 720 2069 742 2157; x_wconf 82' lang='grc' dir='ltr'><strong><em>ή</em></strong></span> <span class='ocrx_word' id='word_1_151' title='bbox 763 2078 977 2159; x_wconf 85' lang='grc' dir='ltr'><strong><em>μνημονεῦσαι</em></strong></span> <span class='ocrx_word' id='word_1_152' title='bbox 1002 2070 1128 2154; x_wconf 90' lang='grc' dir='ltr'><strong><em>αύτούς,</em></strong></span> <span class='ocrx_word' id='word_1_153' title='bbox 1146 2075 1216 2140; x_wconf 77' lang='grc' dir='ltr'><strong><em>ἀλλ’</em></strong></span> 
     </span>
     <span class='ocr_line' id='line_1_20' title="bbox 136 2170 1217 2263; baseline 0.003 -30"><span class='ocrx_word' id='word_1_154' title='bbox 136 2171 325 2253; x_wconf 75' lang='grc' dir='ltr'><strong><em>ἐχαρίζοντο</em></strong></span> <span class='ocrx_word' id='word_1_155' title='bbox 347 2170 449 2235; x_wconf 81' lang='grc' dir='ltr'><strong><em>αῦτιόν</em></strong></span> <span class='ocrx_word' id='word_1_156' title='bbox 471 2171 514 2246; x_wconf 76' lang='grc' dir='ltr'><strong>ὥς</strong></span> <span class='ocrx_word' id='word_1_157' title='bbox 536 2175 658 2255; x_wconf 77' lang='grc' dir='ltr'><strong><em>υἷσεβτῦν</em></strong></span> <span class='ocrx_word' id='word_1_158' title='bbox 677 2176 786 2244; x_wconf 87' lang='grc' dir='ltr'><strong><em>εἰπεῖν.</em></strong></span> <span class='ocrx_word' id='word_1_159' title='bbox 806 2174 921 2255; x_wconf 58' lang='grc' dir='ltr'><strong><em>,πολλοί</em></strong></span> <span class='ocrx_word' id='word_1_160' title='bbox 940 2177 976 2239; x_wconf 80' lang='grc' dir='ltr'><strong>δὲ</strong></span> <span class='ocrx_word' id='word_1_161' title='bbox 996 2170 1217 2263; x_wconf 74' lang='grc' dir='ltr'><strong><em>παρῃτήσαντο</em></strong></span> 
     </span>
     <span class='ocr_line' id='line_1_21' title="bbox 92 2267 1217 2365; baseline 0.007 -35"><span class='ocrx_word' id='word_1_162' title='bbox 92 2270 191 2333; x_wconf 72' lang='lat' dir='ltr'><strong>tonat</strong></span> <span class='ocrx_word' id='word_1_163' title='bbox 211 2269 267 2353; x_wconf 87' lang='grc' dir='ltr'><strong>τήν</strong></span> <span class='ocrx_word' id='word_1_164' title='bbox 294 2267 475 2355; x_wconf 81' lang='grc' dir='ltr'><strong><em>ἱερωσύνην.</em></strong></span> <span class='ocrx_word' id='word_1_165' title='bbox 526 2273 580 2337; x_wconf 81' lang='grc' dir='ltr'><strong>καί</strong></span> <span class='ocrx_word' id='word_1_166' title='bbox 599 2277 720 2357; x_wconf 77' lang='grc' dir='ltr'><strong><em>γέγονεν</em></strong></span> <span class='ocrx_word' id='word_1_167' title='bbox 748 2273 899 2357; x_wconf 78' lang='grc' dir='ltr'><strong><em>ήὲνωσις</em></strong></span> <span class='ocrx_word' id='word_1_168' title='bbox 927 2277 1092 2365; x_wconf 86' lang='grc' dir='ltr'><strong><em>διαίρεσις.</em></strong></span> <span class='ocrx_word' id='word_1_169' title='bbox 1135 2267 1217 2338; x_wconf 73' lang='grc' dir='ltr'><strong><em>οὕτω</em></strong></span> 
     </span>
    </p>
   </div>
   <div class='ocr_carea' id='block_1_3' title="bbox 137 2366 1217 2457">
    <p class='ocr_par' dir='ltr' id='par_1_3' title="bbox 137 2366 1217 2457">
     <span class='ocr_line' id='line_1_22' title="bbox 137 2366 1217 2457; baseline 0.018 -25"><span class='ocrx_word' id='word_1_170' title='bbox 137 2366 176 2454; x_wconf 90' lang='grc' dir='ltr'><strong>δή</strong></span> <span class='ocrx_word' id='word_1_171' title='bbox 201 2376 383 2457; x_wconf 80' lang='grc' dir='ltr'><strong><em>φερομέναν</em></strong></span> <span class='ocrx_word' id='word_1_172' title='bbox 404 2374 467 2438; x_wconf 73' lang='grc' dir='ltr'><strong>τῶν</strong></span> <span class='ocrx_word' id='word_1_173' title='bbox 487 2374 748 2457; x_wconf 78' lang='grc' dir='ltr'><strong><em>ἐκκλησιαστικιῦν</em></strong></span> <span class='ocrx_word' id='word_1_174' title='bbox 777 2374 820 2450; x_wconf 70' lang='lat' dir='ltr'><strong>oia</strong></span> <span class='ocrx_word' id='word_1_175' title='bbox 843 2370 970 2457; x_wconf 80' lang='grc' dir='ltr'><strong><em>ἔτυχεν,</em></strong></span> <span class='ocrx_word' id='word_1_176' title='bbox 991 2375 1047 2438; x_wconf 84' lang='grc' dir='ltr'><strong>καί</strong></span> <span class='ocrx_word' id='word_1_177' title='bbox 1065 2371 1109 2456; x_wconf 74' lang='grc' dir='ltr'><strong>μή</strong></span> <span class='ocrx_word' id='word_1_178' title='bbox 1132 2367 1217 2451; x_wconf 66' lang='grc' dir='ltr'><strong><em>ὄντος</em></strong></span> 
     </span>
    </p>
   </div>
   <div class='ocr_carea' id='block_1_4' title="bbox 207 2531 568 2601">
    <p class='ocr_par' dir='ltr' id='par_1_4' title="bbox 207 2531 568 2601">
     <span class='ocr_line' id='line_1_23' title="bbox 207 2531 568 2601; baseline 0.006 -18"><span class='ocrx_word' id='word_1_179' title='bbox 207 2531 235 2583; x_wconf 91' lang='grc'><strong>8.</strong></span> <span class='ocrx_word' id='word_1_180' title='bbox 257 2531 378 2588; x_wconf 84' lang='grc' dir='ltr'><strong><em>συνόδου</em></strong></span> <span class='ocrx_word' id='word_1_181' title='bbox 397 2533 450 2586; x_wconf 85' lang='lat' dir='ltr'><strong>add</strong></span> <span class='ocrx_word' id='word_1_182' title='bbox 465 2535 487 2586; x_wconf 79' lang='grc' dir='ltr'>Α</span> <span class='ocrx_word' id='word_1_183' title='bbox 565 2595 568 2601; x_wconf 28' lang='lat'><em>¹</em></span> 
     </span>
    </p>
   </div>
   <div class='ocr_carea' id='block_1_5' title="bbox 116 2675 1221 3454">
    <p class='ocr_par' dir='ltr' id='par_1_5' title="bbox 137 2675 1217 2748">
     <span class='ocr_line' id='line_1_24' title="bbox 137 2675 1217 2748; baseline 0 -22"><span class='ocrx_word' id='word_1_184' title='bbox 137 2690 212 2726; x_wconf 86' lang='lat' dir='ltr'><strong>crum</strong></span> <span class='ocrx_word' id='word_1_185' title='bbox 231 2675 384 2727; x_wconf 83' lang='lat' dir='ltr'><strong>laciendum</strong></span> <span class='ocrx_word' id='word_1_186' title='bbox 402 2695 459 2728; x_wconf 92' lang='lat' dir='ltr'><strong>cum</strong></span> <span class='ocrx_word' id='word_1_187' title='bbox 481 2675 629 2747; x_wconf 83' lang='lat' dir='ltr'><strong>patriarcha</strong></span> <span class='ocrx_word' id='word_1_188' title='bbox 647 2675 772 2745; x_wconf 90' lang='lat' dir='ltr'><strong>losepbo,</strong></span> <span class='ocrx_word' id='word_1_189' title='bbox 795 2678 842 2748; x_wconf 87' lang='lat' dir='ltr'><strong>qui</strong></span> <span class='ocrx_word' id='word_1_190' title='bbox 861 2685 955 2747; x_wconf 84' lang='lat' dir='ltr'><strong>postea</strong></span> <span class='ocrx_word' id='word_1_191' title='bbox 974 2677 1128 2728; x_wconf 74' lang='lat' dir='ltr'><strong>Florentiae</strong></span> <span class='ocrx_word' id='word_1_192' title='bbox 1146 2675 1217 2726; x_wconf 92' lang='lat' dir='ltr'><strong>diem</strong></span> 
     </span>
    </p>

    <p class='ocr_par' dir='ltr' id='par_1_6' title="bbox 116 2746 1221 3454">
     <span class='ocr_line' id='line_1_25' title="bbox 116 2746 1218 2816; baseline 0.004 -22"><span class='ocrx_word' id='word_1_193' title='bbox 116 2762 217 2800; x_wconf 80' lang='lat' dir='ltr'><strong>‚suum</strong></span> <span class='ocrx_word' id='word_1_194' title='bbox 237 2746 325 2810; x_wconf 91' lang='lat' dir='ltr'><strong>obiit,</strong></span> <span class='ocrx_word' id='word_1_195' title='bbox 354 2749 549 2810; x_wconf 88' lang='lat' dir='ltr'><strong>convenissent,</strong></span> <span class='ocrx_word' id='word_1_196' title='bbox 567 2749 674 2815; x_wconf 81' lang='lat' dir='ltr'><strong>liturgia</strong></span> <span class='ocrx_word' id='word_1_197' title='bbox 700 2749 728 2798; x_wconf 88' lang='lat' dir='ltr'><strong>in</strong></span> <span class='ocrx_word' id='word_1_198' title='bbox 746 2750 861 2800; x_wconf 83' lang='lat' dir='ltr'><strong>maximo</strong></span> <span class='ocrx_word' id='word_1_199' title='bbox 884 2748 968 2800; x_wconf 85' lang='lat' dir='ltr'><strong>divini</strong></span> <span class='ocrx_word' id='word_1_200' title='bbox 997 2749 1050 2815; x_wconf 80' lang='lat' dir='ltr'><strong>logi</strong></span> <span class='ocrx_word' id='word_1_201' title='bbox 1070 2747 1218 2816; x_wconf 79' lang='lat' dir='ltr'><strong>sapientiae</strong></span> 
     </span>
     <span class='ocr_line' id='line_1_26' title="bbox 136 2817 1219 2888; baseline -0.001 -20"><span class='ocrx_word' id='word_1_202' title='bbox 136 2817 240 2885; x_wconf 90' lang='lat' dir='ltr'><strong>templo</strong></span> <span class='ocrx_word' id='word_1_203' title='bbox 253 2828 358 2886; x_wconf 86' lang='lat' dir='ltr'><strong>peracta</strong></span> <span class='ocrx_word' id='word_1_204' title='bbox 378 2821 499 2888; x_wconf 81' lang='lat' dir='ltr'><strong>navigare</strong></span> <span class='ocrx_word' id='word_1_205' title='bbox 519 2818 581 2870; x_wconf 90' lang='lat' dir='ltr'><strong>inde</strong></span> <span class='ocrx_word' id='word_1_206' title='bbox 602 2818 785 2881; x_wconf 86' lang='lat' dir='ltr'><strong>decreverunt,</strong></span> <span class='ocrx_word' id='word_1_207' title='bbox 801 2819 915 2870; x_wconf 80' lang='lat' dir='ltr'><strong>enarebo</strong></span> <span class='ocrx_word' id='word_1_208' title='bbox 932 2836 978 2871; x_wconf 90' lang='lat' dir='ltr'><strong>seu</strong></span> <span class='ocrx_word' id='word_1_209' title='bbox 997 2820 1136 2886; x_wconf 84' lang='lat' dir='ltr'><strong>inceptare</strong></span> <span class='ocrx_word' id='word_1_210' title='bbox 1154 2834 1219 2882; x_wconf 82' lang='lat' dir='ltr'><strong>syn·</strong></span> 
     </span>
     <span class='ocr_line' id='line_1_27' title="bbox 136 2885 1219 2960; baseline -0.003 -21"><span class='ocrx_word' id='word_1_211' title='bbox 136 2885 184 2939; x_wconf 79' lang='lat' dir='ltr'><strong>osli</strong></span> <span class='ocrx_word' id='word_1_212' title='bbox 208 2887 345 2956; x_wconf 78' lang='lat' dir='ltr'><strong>designato</strong></span> <span class='ocrx_word' id='word_1_213' title='bbox 364 2891 452 2942; x_wconf 89' lang='lat' dir='ltr'><strong>Marco</strong></span> <span class='ocrx_word' id='word_1_214' title='bbox 473 2891 614 2957; x_wconf 81' lang='lat' dir='ltr'><strong>Eugeuico,</strong></span> <span class='ocrx_word' id='word_1_215' title='bbox 632 2889 730 2960; x_wconf 86' lang='lat' dir='ltr'><strong>Ephesi</strong></span> <span class='ocrx_word' id='word_1_216' title='bbox 750 2891 929 2958; x_wconf 72' lang='lat' dir='ltr'><strong>metropolita.</strong></span> <span class='ocrx_word' id='word_1_217' title='bbox 966 2889 1049 2939; x_wconf 88' lang='lat' dir='ltr'><strong>delati</strong></span> <span class='ocrx_word' id='word_1_218' title='bbox 1067 2889 1094 2938; x_wconf 92' lang='lat' dir='ltr'><strong>in</strong></span> <span class='ocrx_word' id='word_1_219' title='bbox 1113 2888 1219 2938; x_wconf 90' lang='lat' dir='ltr'><strong>ltaliam</strong></span> 
     </span>
     <span class='ocr_line' id='line_1_28' title="bbox 137 2957 1220 3030; baseline 0 -22"><span class='ocrx_word' id='word_1_220' title='bbox 137 2975 198 3008; x_wconf 90' lang='lat' dir='ltr'><strong>cum</strong></span> <span class='ocrx_word' id='word_1_221' title='bbox 220 2957 254 3010; x_wconf 84' lang='lat' dir='ltr'><strong>ad</strong></span> <span class='ocrx_word' id='word_1_222' title='bbox 272 2961 383 3012; x_wconf 84' lang='lat' dir='ltr'><strong>Latinos</strong></span> <span class='ocrx_word' id='word_1_223' title='bbox 402 2962 553 3021; x_wconf 89' lang='lat' dir='ltr'><strong>venisseut,</strong></span> <span class='ocrx_word' id='word_1_224' title='bbox 573 2969 635 3030; x_wconf 89' lang='lat' dir='ltr'><strong>post</strong></span> <span class='ocrx_word' id='word_1_225' title='bbox 664 2961 754 3028; x_wconf 89' lang='lat' dir='ltr'><strong>plures</strong></span> <span class='ocrx_word' id='word_1_226' title='bbox 775 2977 930 3028; x_wconf 84' lang='lat' dir='ltr'><strong>congressus</strong></span> <span class='ocrx_word' id='word_1_227' title='bbox 950 2967 977 3010; x_wconf 88' lang='lat' dir='ltr'><strong>et</strong></span> <span class='ocrx_word' id='word_1_228' title='bbox 998 2959 1095 3025; x_wconf 77' lang='lat' dir='ltr'><strong>integri</strong></span> <span class='ocrx_word' id='word_1_229' title='bbox 1115 2958 1220 3009; x_wconf 90' lang='lat' dir='ltr'><strong>biennii</strong></span> 
     </span>
     <span class='ocr_line' id='line_1_29' title="bbox 137 3028 1220 3100; baseline -0.001 -20"><span class='ocrx_word' id='word_1_230' title='bbox 137 3045 240 3080; x_wconf 85' lang='lat' dir='ltr'><strong>moram</strong></span> <span class='ocrx_word' id='word_1_231' title='bbox 270 3047 334 3081; x_wconf 86' lang='lat' dir='ltr'><strong>sane</strong></span> <span class='ocrx_word' id='word_1_232' title='bbox 359 3032 485 3083; x_wconf 86' lang='lat' dir='ltr'><strong>unionem</strong></span> <span class='ocrx_word' id='word_1_233' title='bbox 511 3049 556 3083; x_wconf 87' lang='lat' dir='ltr'><strong>seu</strong></span> <span class='ocrx_word' id='word_1_234' title='bbox 576 3047 732 3082; x_wconf 87' lang='lat' dir='ltr'><strong>consensum</strong></span> <span class='ocrx_word' id='word_1_235' title='bbox 758 3031 886 3092; x_wconf 85' lang='lat' dir='ltr'><strong>fecerunt,</strong></span> <span class='ocrx_word' id='word_1_236' title='bbox 909 3028 1135 3100; x_wconf 81' lang='lat' dir='ltr'><strong>quemadmodum</strong></span> <span class='ocrx_word' id='word_1_237' title='bbox 1161 3037 1220 3079; x_wconf 84' lang='lat' dir='ltr'><strong>acta</strong></span> 
     </span>
     <span class='ocr_line' id='line_1_30' title="bbox 139 3095 1218 3172; baseline -0.002 -22"><span class='ocrx_word' id='word_1_238' title='bbox 139 3099 414 3166; x_wconf 78' lang='lat' dir='ltr'><strong>l‘lorentinaehuius,</strong></span> <span class='ocrx_word' id='word_1_239' title='bbox 434 3119 504 3172; x_wconf 87' lang='lat' dir='ltr'><strong>quas</strong></span> <span class='ocrx_word' id='word_1_240' title='bbox 517 3099 607 3153; x_wconf 77' lang='lat' dir='ltr'><strong>octava</strong></span> <span class='ocrx_word' id='word_1_241' title='bbox 622 3103 784 3163; x_wconf 89' lang='lat' dir='ltr'><strong>nominator,</strong></span> <span class='ocrx_word' id='word_1_242' title='bbox 803 3101 896 3167; x_wconf 78' lang='lat' dir='ltr'><strong>synodi</strong></span> <span class='ocrx_word' id='word_1_243' title='bbox 910 3099 1065 3170; x_wconf 88' lang='lat' dir='ltr'><strong>perbibent:</strong></span> <span class='ocrx_word' id='word_1_244' title='bbox 1082 3095 1129 3150; x_wconf 88' lang='lat' dir='ltr'><strong>sed</strong></span> <span class='ocrx_word' id='word_1_245' title='bbox 1146 3099 1218 3149; x_wconf 83' lang='lat' dir='ltr'><strong>exitu</strong></span> 
     </span>
     <span class='ocr_line' id='line_1_31' title="bbox 137 3168 1221 3241; baseline -0.003 -20"><span class='ocrx_word' id='word_1_246' title='bbox 137 3171 217 3222; x_wconf 88' lang='lat' dir='ltr'><strong>nullo</strong></span> <span class='ocrx_word' id='word_1_247' title='bbox 236 3171 328 3234; x_wconf 92' lang='lat' dir='ltr'><strong>bono,</strong></span> <span class='ocrx_word' id='word_1_248' title='bbox 357 3190 389 3224; x_wconf 89' lang='lat' dir='ltr'><strong>eo</strong></span> <span class='ocrx_word' id='word_1_249' title='bbox 415 3173 488 3241; x_wconf 89' lang='lat' dir='ltr'><strong>quod</strong></span> <span class='ocrx_word' id='word_1_250' title='bbox 508 3171 674 3224; x_wconf 81' lang='lat' dir='ltr'><strong>subscribere</strong></span> <span class='ocrx_word' id='word_1_251' title='bbox 701 3180 835 3223; x_wconf 80' lang='lat' dir='ltr'><strong>recusaret</strong></span> <span class='ocrx_word' id='word_1_252' title='bbox 863 3170 1015 3240; x_wconf 82' lang='lat' dir='ltr'><strong>Ephesius,</strong></span> <span class='ocrx_word' id='word_1_253' title='bbox 1033 3179 1060 3221; x_wconf 92' lang='lat' dir='ltr'><strong>et</strong></span> <span class='ocrx_word' id='word_1_254' title='bbox 1080 3168 1221 3221; x_wconf 89' lang='lat' dir='ltr'><strong>verborum</strong></span> 
     </span>
     <span class='ocr_line' id='line_1_32' title="bbox 137 3241 1221 3313; baseline -0.002 -21"><span class='ocrx_word' id='word_1_255' title='bbox 137 3244 363 3308; x_wconf 82' lang='lat' dir='ltr'><strong>concertationes,</strong></span> <span class='ocrx_word' id='word_1_256' title='bbox 380 3253 521 3313; x_wconf 80' lang='lat' dir='ltr'><strong>postquam</strong></span> <span class='ocrx_word' id='word_1_257' title='bbox 529 3243 636 3312; x_wconf 73' lang='lat' dir='ltr'><strong>Cpolim</strong></span> <span class='ocrx_word' id='word_1_258' title='bbox 656 3243 805 3306; x_wconf 79' lang='lat' dir='ltr'><strong>rediissent,</strong></span> <span class='ocrx_word' id='word_1_259' title='bbox 823 3241 888 3292; x_wconf 89' lang='lat' dir='ltr'><strong>alias</strong></span> <span class='ocrx_word' id='word_1_260' title='bbox 901 3243 991 3292; x_wconf 87' lang='lat' dir='ltr'><strong>denuo</strong></span> <span class='ocrx_word' id='word_1_261' title='bbox 1005 3242 1081 3292; x_wconf 91' lang='lat' dir='ltr'><strong>multi</strong></span> <span class='ocrx_word' id='word_1_262' title='bbox 1093 3249 1221 3292; x_wconf 88' lang='lat' dir='ltr'><strong>sererent.</strong></span> 
     </span>
     <span class='ocr_line' id='line_1_33' title="bbox 138 3312 1221 3383; baseline 0 -22"><span class='ocrx_word' id='word_1_263' title='bbox 138 3329 170 3361; x_wconf 85' lang='lat' dir='ltr'><strong>ea</strong></span> <span class='ocrx_word' id='word_1_264' title='bbox 192 3329 272 3363; x_wconf 88' lang='lat' dir='ltr'><strong>causa</strong></span> <span class='ocrx_word' id='word_1_265' title='bbox 291 3314 342 3366; x_wconf 87' lang='lat' dir='ltr'><strong>fuit</strong></span> <span class='ocrx_word' id='word_1_266' title='bbox 360 3316 462 3365; x_wconf 87' lang='lat' dir='ltr'><strong>nullius</strong></span> <span class='ocrx_word' id='word_1_267' title='bbox 489 3321 582 3383; x_wconf 86' lang='lat' dir='ltr'><strong>postes</strong></span> <span class='ocrx_word' id='word_1_268' title='bbox 599 3315 730 3364; x_wconf 86' lang='lat' dir='ltr'><strong>summissi</strong></span> <span class='ocrx_word' id='word_1_269' title='bbox 754 3313 860 3364; x_wconf 79' lang='lat' dir='ltr'><strong>auxilii:</strong></span> <span class='ocrx_word' id='word_1_270' title='bbox 877 3312 924 3364; x_wconf 89' lang='lat' dir='ltr'><strong>sed</strong></span> <span class='ocrx_word' id='word_1_271' title='bbox 942 3314 1046 3382; x_wconf 79' lang='lat' dir='ltr'><strong>Hylam,</strong></span> <span class='ocrx_word' id='word_1_272' title='bbox 1064 3321 1094 3364; x_wconf 91' lang='lat' dir='ltr'><strong>ut</strong></span> <span class='ocrx_word' id='word_1_273' title='bbox 1110 3328 1221 3381; x_wconf 83' lang='lat' dir='ltr'><strong>prover-</strong></span> 
     </span>
     <span class='ocr_line' id='line_1_34' title="bbox 136 3382 749 3454; baseline 0 -20"><span class='ocrx_word' id='word_1_274' title='bbox 136 3383 185 3436; x_wconf 90' lang='lat' dir='ltr'><strong>bio</strong></span> <span class='ocrx_word' id='word_1_275' title='bbox 205 3382 313 3448; x_wconf 92' lang='lat' dir='ltr'><strong>dicitur,</strong></span> <span class='ocrx_word' id='word_1_276' title='bbox 332 3392 406 3436; x_wconf 88' lang='lat' dir='ltr'><strong>tanto</strong></span> <span class='ocrx_word' id='word_1_277' title='bbox 423 3394 544 3454; x_wconf 81' lang='lat' dir='ltr'><strong>ternpore</strong></span> <span class='ocrx_word' id='word_1_278' title='bbox 563 3385 749 3436; x_wconf 79' lang='lat' dir='ltr'><strong>clamaverant.</strong></span> 
     </span>
    </p>
   </div>
   <div class='ocr_carea' id='block_1_6' title="bbox 119 3471 1289 4179">
    <p class='ocr_par' dir='ltr' id='par_1_7' title="bbox 119 3471 1289 4179">
     <span class='ocr_line' id='line_1_35' title="bbox 209 3471 1220 3541; baseline -0.004 -19"><span class='ocrx_word' id='word_1_279' title='bbox 209 3473 353 3541; x_wconf 89' lang='lat' dir='ltr'><strong>Postquam</strong></span> <span class='ocrx_word' id='word_1_280' title='bbox 372 3490 404 3523; x_wconf 84' lang='lat' dir='ltr'><strong>ex</strong></span> <span class='ocrx_word' id='word_1_281' title='bbox 422 3473 501 3524; x_wconf 82' lang='lat' dir='ltr'><strong>ltalia</strong></span> <span class='ocrx_word' id='word_1_282' title='bbox 516 3473 622 3524; x_wconf 88' lang='lat' dir='ltr'><strong>domurn</strong></span> <span class='ocrx_word' id='word_1_283' title='bbox 634 3471 748 3524; x_wconf 89' lang='lat' dir='ltr'><strong>reditum</strong></span> <span class='ocrx_word' id='word_1_284' title='bbox 761 3472 821 3533; x_wconf 83' lang='lat' dir='ltr'><strong>fuit,</strong></span> <span class='ocrx_word' id='word_1_285' title='bbox 841 3473 958 3540; x_wconf 87' lang='lat' dir='ltr'><strong>repperit</strong></span> <span class='ocrx_word' id='word_1_286' title='bbox 975 3474 1118 3540; x_wconf 84' lang='lat' dir='ltr'><strong>imperator</strong></span> <span class='ocrx_word' id='word_1_287' title='bbox 1136 3486 1220 3531; x_wconf 88' lang='lat' dir='ltr'><strong>suam,</strong></span> 
     </span>
     <span class='ocr_line' id='line_1_36' title="bbox 137 3541 1221 3612; baseline -0.002 -20"><span class='ocrx_word' id='word_1_288' title='bbox 137 3558 220 3612; x_wconf 87' lang='lat' dir='ltr'><strong>quam</strong></span> <span class='ocrx_word' id='word_1_289' title='bbox 240 3559 342 3594; x_wconf 87' lang='lat' dir='ltr'><strong>summe</strong></span> <span class='ocrx_word' id='word_1_290' title='bbox 361 3543 501 3606; x_wconf 82' lang='lat' dir='ltr'><strong>dilexerat,</strong></span> <span class='ocrx_word' id='word_1_291' title='bbox 519 3545 666 3611; x_wconf 82' lang='lat' dir='ltr'><strong>coniugem,</strong></span> <span class='ocrx_word' id='word_1_292' title='bbox 676 3545 786 3595; x_wconf 87' lang='lat' dir='ltr'><strong>Mariam</strong></span> <span class='ocrx_word' id='word_1_293' title='bbox 798 3543 1019 3602; x_wconf 84' lang='lat' dir='ltr'><strong>Cantacuzenam,</strong></span> <span class='ocrx_word' id='word_1_294' title='bbox 1037 3557 1092 3592; x_wconf 91' lang='lat' dir='ltr'><strong>non</strong></span> <span class='ocrx_word' id='word_1_295' title='bbox 1106 3541 1221 3607; x_wconf 84' lang='lat' dir='ltr'><strong>amplius</strong></span> 
     </span>
     <span class='ocr_line' id='line_1_37' title="bbox 119 3611 1219 3683; baseline -0.001 -21"><span class='ocrx_word' id='word_1_296' title='bbox 119 3612 167 3682; x_wconf 27' lang='lat' dir='ltr'><strong>,in</strong></span> <span class='ocrx_word' id='word_1_297' title='bbox 183 3613 252 3664; x_wconf 83' lang='lat' dir='ltr'><strong>vivis</strong></span> <span class='ocrx_word' id='word_1_298' title='bbox 280 3615 328 3665; x_wconf 91' lang='lat' dir='ltr'><strong>sed</strong></span> <span class='ocrx_word' id='word_1_299' title='bbox 354 3623 417 3666; x_wconf 88' lang='lat' dir='ltr'><strong>ante</strong></span> <span class='ocrx_word' id='word_1_300' title='bbox 437 3623 541 3683; x_wconf 87' lang='lat' dir='ltr'><strong>tempus</strong></span> <span class='ocrx_word' id='word_1_301' title='bbox 567 3616 620 3666; x_wconf 87' lang='lat' dir='ltr'><strong>vita</strong></span> <span class='ocrx_word' id='word_1_302' title='bbox 650 3613 814 3667; x_wconf 80' lang='lat' dir='ltr'><strong>defunctam.</strong></span> <span class='ocrx_word' id='word_1_303' title='bbox 851 3614 886 3664; x_wconf 89' lang='lat' dir='ltr'><strong>ita</strong></span> <span class='ocrx_word' id='word_1_304' title='bbox 907 3611 950 3662; x_wconf 91' lang='lat' dir='ltr'><strong>hic</strong></span> <span class='ocrx_word' id='word_1_305' title='bbox 967 3611 1075 3681; x_wconf 89' lang='lat' dir='ltr'><strong>quidem</strong></span> <span class='ocrx_word' id='word_1_306' title='bbox 1095 3612 1123 3662; x_wconf 88' lang='lat' dir='ltr'><strong>in</strong></span> <span class='ocrx_word' id='word_1_307' title='bbox 1145 3612 1219 3661; x_wconf 86' lang='lat' dir='ltr'><strong>luctu</strong></span> 
     </span>
     <span class='ocr_line' id='line_1_38' title="bbox 138 3680 1220 3754; baseline 0 -22"><span class='ocrx_word' id='word_1_308' title='bbox 138 3692 206 3734; x_wconf 88' lang='lat' dir='ltr'><strong>erat.</strong></span> <span class='ocrx_word' id='word_1_309' title='bbox 244 3686 290 3754; x_wconf 91' lang='lat' dir='ltr'><strong>qui</strong></span> <span class='ocrx_word' id='word_1_310' title='bbox 320 3703 381 3737; x_wconf 81' lang='lat' dir='ltr'><strong>sero</strong></span> <span class='ocrx_word' id='word_1_311' title='bbox 412 3687 441 3736; x_wconf 89' lang='lat' dir='ltr'><strong>in</strong></span> <span class='ocrx_word' id='word_1_312' title='bbox 470 3685 534 3737; x_wconf 89' lang='lat' dir='ltr'><strong>urbe</strong></span> <span class='ocrx_word' id='word_1_313' title='bbox 558 3684 692 3752; x_wconf 81' lang='lat' dir='ltr'><strong>degebant</strong></span> <span class='ocrx_word' id='word_1_314' title='bbox 708 3685 815 3744; x_wconf 85' lang='lat' dir='ltr'><strong>clerici,</strong></span> <span class='ocrx_word' id='word_1_315' title='bbox 833 3681 1041 3744; x_wconf 82' lang='lat' dir='ltr'><strong>hieromonachi,</strong></span> <span class='ocrx_word' id='word_1_316' title='bbox 1060 3680 1220 3744; x_wconf 85' lang='lat' dir='ltr'><strong>sacerdotes,</strong></span> 
     </span>
     <span class='ocr_line' id='line_1_39' title="bbox 137 3753 1220 3825; baseline 0 -22"><span class='ocrx_word' id='word_1_317' title='bbox 137 3753 261 3815; x_wconf 84' lang='lat' dir='ltr'><strong>abbates,</strong></span> <span class='ocrx_word' id='word_1_318' title='bbox 280 3754 494 3808; x_wconf 78' lang='lat' dir='ltr'><strong>confessionibus</strong></span> <span class='ocrx_word' id='word_1_319' title='bbox 513 3755 652 3824; x_wconf 87' lang='lat' dir='ltr'><strong>audiendis</strong></span> <span class='ocrx_word' id='word_1_320' title='bbox 674 3754 819 3824; x_wconf 88' lang='lat' dir='ltr'><strong>praepositi</strong></span> <span class='ocrx_word' id='word_1_321' title='bbox 843 3755 1017 3825; x_wconf 87' lang='lat' dir='ltr'><strong>(pneumatici</strong></span> <span class='ocrx_word' id='word_1_322' title='bbox 1036 3753 1112 3820; x_wconf 89' lang='lat' dir='ltr'><strong>dicti)</strong></span> <span class='ocrx_word' id='word_1_323' title='bbox 1129 3769 1159 3802; x_wconf 86' lang='lat' dir='ltr'><strong>ac</strong></span> <span class='ocrx_word' id='word_1_324' title='bbox 1176 3769 1220 3803; x_wconf 90' lang='lat' dir='ltr'><strong>ce·</strong></span> 
     </span>
     <span class='ocr_line' id='line_1_40' title="bbox 137 3823 1221 3894; baseline -0.001 -19"><span class='ocrx_word' id='word_1_325' title='bbox 137 3826 191 3876; x_wconf 88' lang='lat' dir='ltr'><strong>teri</strong></span> <span class='ocrx_word' id='word_1_326' title='bbox 201 3863 210 3889; x_wconf 90' lang='lat'><strong>,</strong></span> <span class='ocrx_word' id='word_1_327' title='bbox 240 3826 261 3876; x_wconf 92' lang='lat' dir='ltr'><strong>ii</strong></span> <span class='ocrx_word' id='word_1_328' title='bbox 281 3826 412 3878; x_wconf 87' lang='lat' dir='ltr'><strong>nolebant</strong></span> <span class='ocrx_word' id='word_1_329' title='bbox 431 3828 551 3894; x_wconf 77' lang='lat' dir='ltr'><strong>liturgias</strong></span> <span class='ocrx_word' id='word_1_330' title='bbox 571 3835 598 3878; x_wconf 88' lang='lat' dir='ltr'><strong>et</strong></span> <span class='ocrx_word' id='word_1_331' title='bbox 618 3843 689 3880; x_wconf 87' lang='lat' dir='ltr'><strong>sacra</strong></span> <span class='ocrx_word' id='word_1_332' title='bbox 708 3825 841 3876; x_wconf 90' lang='lat' dir='ltr'><strong>cumillis</strong></span> <span class='ocrx_word' id='word_1_333' title='bbox 870 3825 1067 3893; x_wconf 80' lang='lat' dir='ltr'><strong>quivenerant</strong></span> <span class='ocrx_word' id='word_1_334' title='bbox 1084 3823 1221 3874; x_wconf 89' lang='lat' dir='ltr'><strong>celebrare</strong></span> 
     </span>
     <span class='ocr_line' id='line_1_41' title="bbox 137 3893 1221 3966; baseline -0.001 -21"><span class='ocrx_word' id='word_1_335' title='bbox 137 3904 188 3948; x_wconf 88' lang='lat' dir='ltr'><strong>aut</strong></span> <span class='ocrx_word' id='word_1_336' title='bbox 216 3896 245 3948; x_wconf 92' lang='lat' dir='ltr'><strong>in</strong></span> <span class='ocrx_word' id='word_1_337' title='bbox 267 3898 390 3965; x_wconf 87' lang='lat' dir='ltr'><strong>precibus</strong></span> <span class='ocrx_word' id='word_1_338' title='bbox 414 3900 578 3950; x_wconf 85' lang='lat' dir='ltr'><strong>mentionem</strong></span> <span class='ocrx_word' id='word_1_339' title='bbox 599 3897 717 3966; x_wconf 87' lang='lat' dir='ltr'><strong>ipsorum</strong></span> <span class='ocrx_word' id='word_1_340' title='bbox 743 3896 848 3959; x_wconf 80' lang='lat' dir='ltr'><strong>secere,</strong></span> <span class='ocrx_word' id='word_1_341' title='bbox 873 3895 921 3946; x_wconf 88' lang='lat' dir='ltr'><strong>sed</strong></span> <span class='ocrx_word' id='word_1_342' title='bbox 938 3895 973 3946; x_wconf 81' lang='lat' dir='ltr'><strong>ab</strong></span> <span class='ocrx_word' id='word_1_343' title='bbox 992 3897 1031 3946; x_wconf 87' lang='lat' dir='ltr'><strong>eis</strong></span> <span class='ocrx_word' id='word_1_344' title='bbox 1049 3893 1221 3956; x_wconf 89' lang='lat' dir='ltr'><strong>recedebant,</strong></span> 
     </span>
     <span class='ocr_line' id='line_1_42' title="bbox 137 3964 1221 4039; baseline -0.001 -23"><span class='ocrx_word' id='word_1_345' title='bbox 137 3973 269 4036; x_wconf 82' lang='lat' dir='ltr'><strong>tanquam</strong></span> <span class='ocrx_word' id='word_1_346' title='bbox 299 3971 346 4038; x_wconf 92' lang='lat' dir='ltr'><strong>qui</strong></span> <span class='ocrx_word' id='word_1_347' title='bbox 375 3970 522 4039; x_wconf 84' lang='lat' dir='ltr'><strong>pietatem,</strong></span> <span class='ocrx_word' id='word_1_348' title='bbox 548 3976 579 4020; x_wconf 90' lang='lat' dir='ltr'><strong>ut</strong></span> <span class='ocrx_word' id='word_1_349' title='bbox 604 3969 640 4018; x_wconf 87' lang='lat' dir='ltr'><strong>ita</strong></span> <span class='ocrx_word' id='word_1_350' title='bbox 667 3967 769 4028; x_wconf 90' lang='lat' dir='ltr'><strong>dicam,</strong></span> <span class='ocrx_word' id='word_1_351' title='bbox 794 3966 965 4018; x_wconf 86' lang='lat' dir='ltr'><strong>abiecissent.</strong></span> <span class='ocrx_word' id='word_1_352' title='bbox 1001 3967 1080 4017; x_wconf 90' lang='lat' dir='ltr'><strong>multi</strong></span> <span class='ocrx_word' id='word_1_353' title='bbox 1099 3964 1221 4016; x_wconf 88' lang='lat' dir='ltr'><strong>sacerdo-</strong></span> 
     </span>
     <span class='ocr_line' id='line_1_43' title="bbox 136 4035 1289 4109; baseline -0.002 -22"><span class='ocrx_word' id='word_1_354' title='bbox 136 4037 179 4088; x_wconf 86' lang='lat' dir='ltr'><strong>sio</strong></span> <span class='ocrx_word' id='word_1_355' title='bbox 199 4039 279 4090; x_wconf 88' lang='lat' dir='ltr'><strong>etiam</strong></span> <span class='ocrx_word' id='word_1_356' title='bbox 300 4040 495 4091; x_wconf 84' lang='lat' dir='ltr'><strong>renuntiarunt.</strong></span> <span class='ocrx_word' id='word_1_357' title='bbox 542 4039 658 4109; x_wconf 88' lang='lat' dir='ltr'><strong>denique</strong></span> <span class='ocrx_word' id='word_1_358' title='bbox 686 4039 818 4089; x_wconf 88' lang='lat' dir='ltr'><strong>unitatem</strong></span> <span class='ocrx_word' id='word_1_359' title='bbox 843 4036 951 4099; x_wconf 83' lang='lat' dir='ltr'><strong>divisio,</strong></span> <span class='ocrx_word' id='word_1_360' title='bbox 976 4036 1146 4090; x_wconf 87' lang='lat' dir='ltr'><strong>concordiam</strong></span> <span class='ocrx_word' id='word_1_361' title='bbox 1164 4035 1221 4086; x_wconf 85' lang='lat' dir='ltr'><strong>dis·</strong></span> <span class='ocrx_word' id='word_1_362' title='bbox 1283 4048 1289 4052; x_wconf 85' lang='grc'><em>·</em></span> 
     </span>
     <span class='ocr_line' id='line_1_44' title="bbox 138 4107 1221 4179; baseline -0.003 -21"><span class='ocrx_word' id='word_1_363' title='bbox 138 4107 231 4160; x_wconf 84' lang='lat' dir='ltr'><strong>cordia</strong></span> <span class='ocrx_word' id='word_1_364' title='bbox 250 4118 392 4162; x_wconf 86' lang='lat' dir='ltr'><strong>consecuta</strong></span> <span class='ocrx_word' id='word_1_365' title='bbox 412 4118 461 4163; x_wconf 91' lang='lat' dir='ltr'><strong>est.</strong></span> <span class='ocrx_word' id='word_1_366' title='bbox 498 4109 531 4179; x_wconf 73' lang='lat' dir='ltr'><strong>psl</strong></span> <span class='ocrx_word' id='word_1_367' title='bbox 551 4110 622 4162; x_wconf 89' lang='lat' dir='ltr'><strong>hunc</strong></span> <span class='ocrx_word' id='word_1_368' title='bbox 640 4109 749 4162; x_wconf 89' lang='lat' dir='ltr'><strong>modum</strong></span> <span class='ocrx_word' id='word_1_369' title='bbox 760 4109 857 4160; x_wconf 86' lang='lat' dir='ltr'><strong>iactato</strong></span> <span class='ocrx_word' id='word_1_370' title='bbox 876 4116 978 4161; x_wconf 88' lang='lat' dir='ltr'><strong>temere</strong></span> <span class='ocrx_word' id='word_1_371' title='bbox 1004 4109 1133 4160; x_wconf 84' lang='lat' dir='ltr'><strong>ecclesiae</strong></span> <span class='ocrx_word' id='word_1_372' title='bbox 1150 4113 1221 4157; x_wconf 82' lang='lat' dir='ltr'><strong>statu</strong></span> 
     </span>
    </p>
   </div>
   <div class='ocr_carea' id='block_1_7' title="bbox 0 0 1449 4775">
    <p class='ocr_par' dir='ltr' id='par_1_8' title="bbox 0 0 1449 4775">
     <span class='ocr_line' id='line_1_45' title="bbox 0 0 1449 4775; baseline 0 0"><span class='ocrx_word' id='word_1_373' title='bbox 0 0 1449 4775; x_wconf 95' lang='lat' dir='ltr'><strong> </strong></span> 
     </span>
    </p>
   </div>
  </div>
 </body>
</html>
