2884 4775
573 235 775 305 consuet.
1086 212 1096 219 ’
1160 237 1207 308 53
1258 215 1262 224 ’

200 382 277 455 Εἶτα
300 384 466 467 στρατεύει
488 384 522 451 έν
546 372 720 474 Μαγνησίᾳ
744 385 825 451 κατέ
856 390 915 453 τοῦ
934 389 1080 472 α’δελφοῦ
1098 387 1212 470 αδτοῦ,
1259 443 1265 451 .

116 488 153 565 ὃς
173 493 268 554 τοῦτο
291 482 447 563 duodece,
480 478 529 575 ‘du
562 480 824 567 στρατεέενκατ’
844 488 968 566 orituri,
998 485 1099 568 ἐμβὰς
1119 482 1213 563 eicis*

117 585 185 672 εἶχε
204 585 356 667 πλοιάρια
380 580 479 669 έφογε
493 582 550 647 κατ’
570 586 713 666 α’πῆλθεν
735 587 781 660 εἰς
802 582 976 669 Αἶῆοπτον,
999 588 1101 670 ζητῶν
1124 582 1212 669 παρὰ

117 691 177 752 τοῦ
199 688 267 751 έκεῖ
283 678 457 748 σοολτοὶνσο
476 682 631 765 βοήθειαν
655 681 735 763 πρὸς
757 680 792 747 τέ
812 682 1042 760 ἀντιτάξασθαι
1062 690 1104 771 τῷ
1116 685 1214 749 οἰδτλμ

92 789 183 871 σφῷ.
240 778 411 863 οἷπστνχοδν
438 782 474 844 δέ
506 780 670 845 α’πελθεϊν-
687 783 732 857 εἰς
764 784 977 867 προσκύνησιν
1008 785 1054 859 εἰς
1081 787 1216 847 Mensae

118 887 283 969 ῆθέλῆστν.
326 876 369 954 uic
389 881 424 945 δέ
443 881 497 945 καί
516 882 606 961 τοῦτο
621 879 778 946 έκοέλνσεν
797 881 906 962 αὐτόν,
926 879 1025 967 έφογε
1047 878 1142 946 πᾶλιν
1163 880 1218 946 καὶ
1244 959 1246 964 Ι

116 967 255 1065 Ια’νῆλθεν
283 980 328 1053 εἷς
351 976 476 1043 Ῥόδον.
520 976 711 1054 ὑπεδέξαντο
743 980 778 1048 δὲ
811 978 907 1044 αὐτὸν
941 975 971 1043 oi
996 979 1114 1043 Ῥόδιοι
1134 976 1216 1059 μετὰ

117 1080 235 1163 χαρᾶς.
277 1081 313 1143 έν
335 1070 399 1163 dorp
423 1076 458 1138 δέ
478 1067 517 1157 ῆν
533 1074 607 1153 έκεῖ,
629 1068 666 1137 ori
687 1077 843 1142 διέλειπεν
864 1077 880 1139 ὁ
903 1074 1044 1160 οἷδελφὸς
1067 1072 1215 1158 αέτοῦ,ο“

118 1175 272 1261 βασιλεδς
292 1174 380 1267 pappi
396 1176 451 1259 τῆς
471 1169 610 1254 πόλεως,
639 1176 774 1255 πέμπειν
805 1172 927 1257 δωρεὰς
947 1173 1028 1257 πρὸς
1047 1173 1121 1250 τούς
1141 1175 1217 1254 lusi,

78 1297 111 1349 10
120 1281 173 1341 ἵνα
196 1274 395 1361 φυλάττωσιν
417 1271 517 1338 aristis
540 1267 705 1357 ἀσφαλῶς.
760 1271 885 1354 χρόνων
907 1274 944 1339 δέ
965 1297 1058 1336 τινων
1080 1274 1218 1353 διαδρα-

118 1374 245 1457 μόντων
268 1373 395 1458 οἷφῆκαν
414 1370 513 1437 adsto
545 1371 654 1458 γνώμῃ
676 1369 808 1436 καὶτοῦ
829 1372 981 1456 α’δελφοῠ,
1001 1375 1055 1435 καὶ
1074 1372 1217 1455 οἷπῆλθεν

120 1475 167 1549 εἰς
188 1475 219 1536 Γ
216 1476 387 1553 decuplae(
412 1472 561 1556 ἐφοβεῖτο
594 1468 656 1552 γὰρ
686 1467 702 1533 ri
732 1464 873 1555 ἇδιλφδς
897 1471 949 1533 ἵνα
970 1469 1014 1554 μῆ
1042 1469 1164 1557 περάσρ
1184 1468 1217 1535 έν

119 1576 159 1657 τῇ
188 1570 329 1655 οἶνατολῆ
362 1572 417 1633 καί
444 1564 560 1655 ποιῆσρ
587 1568 769 1637 σκάνδαλον
799 1569 856 1630 κατ’
883 1564 1014 1649 πόλεμοι
1044 1571 1227 1651 γένωνται·Ι

120 1674 269 1755 ἐφοβεῖτο
290 1670 325 1731 δέ
347 1666 381 1733 τὸ
407 1670 500 1731 πλέον
519 1668 554 1731 ἐκ
575 1668 638 1730 τῶν
658 1664 891 1749 Βαροακέδιον,
912 1669 945 1731 ul
962 1667 1001 1731 od
1022 1672 1126 1743 καλῶς
1150 1671 1219 1732 διέ-

79 1790 223 1853 spuerem
236 1767 331 1851 αὐτῷ.
353 1765 538 1850 έπσιῆσαντο
561 1758 618 1827 οὖν
637 1765 756 1847 βοολῆν
777 1762 858 1844 μετέ
870 1789 904 1828 τε
926 1771 1220 1850 roieBnpoaut'rlme‚

119 1866 203 1949 μετὰ
224 1868 286 1930 τῶν
305 1866 590 1946 Τουρκατνρλιδιον
612 1866 667 1927 καί
681 1866 934 1946 Καραμανιδιδν,
958 1858 1043 1943 ὅπως
1058 1865 1220 1950 Ἴποιῆσιοοι

23 1954 28 1959 .
120 1964 178 2030 τὸν
204 1966 326 2048 Τζέμῆν
347 1962 504 2046 αὐθέντην
536 1964 570 2026 έν
589 1965 625 2050 τῆ
649 1963 796 2048 α’νατσλῆ.
852 1961 870 2024 δ
892 1962 930 2047 δῆ
955 1961 1220 2042 ένωτισοὶμενοςὸ

121 2064 293 2137 σοολτιῖνος
325 2064 381 2145 τῆς
410 2059 530 2135 πόλεως
564 2058 701 2145 έμῆνυσε
735 2068 800 2137 τοῖς
818 2060 969 2142 Ῥοδίοις,
996 2065 1051 2126 καί
1071 2058 1222 2144 ἔπεμψαν

124 2154 224 2225 ου’τδν
243 2157 278 2225 έν
298 2163 425 2247 Ἰταλίᾳ.
478 2163 567 2235 τέλος
599 2163 634 2224 δὲ
655 2158 723 2223 έκεῖ
740 2158 945 2242 διερχόμενος
974 2163 1165 2244 κατῆντῆοεν
1185 2162 1221 2226 έν

78 2258 236 2347 αοῬοέμῃ.
279 2260 478 2345 ὑπαρχοντος
500 2260 536 2323 δὲ
556 2261 656 2325 edred
676 2261 759 2340 ἐκεῖ,
781 2258 994 2343 διεμηνύσατο
1011 2268 1075 2333 τοῖς
1089 2262 1222 2324 Βενετέ-

125 2384 201 2440 νοις,
231 2358 312 2443 έχων
343 2362 453 2445 φιλίαν
473 2365 543 2442 μετ’
566 2361 688 2446 adseris,
718 2358 770 2424 ἳνα
800 2360 959 2449 φαρμάκῳ
991 2360 1224 2446 διαφθείρωσιν
1336 2363 1339 2368 “

126 2458 230 2542 crissie,
273 2455 352 2543 δδῆ
373 2458 430 2523 καί
446 2461 618 2546 έποέῆσαν·
670 2457 819 2542 ἔπεμψαν
848 2457 908 2544 γὰρ
939 2458 1018 2543 πρὸς
1040 2457 1140 2524 αὐτὸν
1162 2452 1225 2542 ἔρ·
1279 2510 1284 2518 ,

197 2635 224 2688 5.
243 2635 275 2691 έν
293 2633 332 2706 τῆ
350 2634 454 2708 μεκέῦ

174 2826 176 2830 .
200 2786 314 2838 Posthac
335 2786 365 2837 iu
391 2785 592 2857 expeditionem
611 2787 776 2856 Magnesiam
801 2805 893 2852 persus
918 2795 1012 2839 contra
1031 2786 1139 2838 fratrem
1158 2803 1224 2856 pro·

128 2857 216 2909 lectus
234 2865 292 2922 est3
311 2858 358 2928 qui
376 2856 429 2908 boc
459 2857 569 2920 audito,
588 2873 686 2929 nempe
704 2858 733 2909 iu
751 2875 780 2910 se
800 2859 855 2921 iri,
876 2859 1030 2909 conscensis
1041 2895 1053 2924 ρ
1071 2873 1140 2928 quae
1159 2866 1225 2908 tune

128 2927 320 2996 suppetebant,
338 2927 482 2994 navigiolis
501 2927 623 2998 profugit
643 2929 671 2979 iu
691 2929 851 2996 Aegyptum,
870 2928 905 2978 eb
924 2927 1003 2978 huius
1026 2927 1134 2978 sultano
1156 2944 1225 2996 sup-

128 2999 193 3068 plex
215 3014 305 3067 opem,
324 3013 375 3068 qun
397 2997 471 3048 fratri
490 2999 596 3050 obviam
615 2998 654 3048 ire
676 3006 778 3067 posset,
795 3007 899 3070 petens.
937 3013 989 3065 qua
1007 3013 1054 3064 spe
1072 2997 1224 3057 frustratus,

128 3067 252 3119 lllecbam
281 3077 310 3118 ut
338 3068 475 3136 religionis
498 3084 560 3136 ergo
585 3069 819 3137 peregrinaretur,
838 3068 866 3117 iu
886 3066 1004 3116 animum
1023 3065 1140 3118 induxit.
1177 3065 1225 3118 sed

128 3139 181 3188 boc
202 3139 283 3189 etiam
303 3147 402 3189 coneto
424 3155 437 3187 ε
458 3139 539 3189 fratre
560 3137 689 3200 deiectus,
710 3154 801 3189 rursus
823 3138 911 3204 lugam
930 3152 1081 3206 capessens,
1100 3135 1226 3187 ilbodum

129 3208 221 3278 petiit,
237 3208 331 3278 ibique
350 3207 504 3259 humaniter
522 3217 549 3260 et
567 3224 627 3258 cuna
647 3209 828 3276 gratulatione
849 3215 977 3277 exceptus
997 3206 1057 3258 luit
1094 3206 1225 3276 quamdiu

129 3288 220 3329 autem
241 3279 280 3329 ibi
298 3286 476 3330 commoratus
495 3286 556 3340 est,
586 3278 644 3328 siue
663 3277 865 3328 intermissione
889 3278 973 3329 irater
991 3277 1058 3343 eius,
1077 3293 1122 3328 rex
1142 3276 1225 3339 urbis,

129 3348 201 3400 dona
220 3347 255 3399 ad
276 3348 404 3417 primores
424 3348 498 3398 illius
517 3349 569 3400 loci
588 3347 670 3409 misit,
691 3355 788 3416 petens
808 3348 885 3398 illum
903 3355 973 3409 tuto,
991 3365 1026 3398 ne
1046 3364 1099 3416 qua
1121 3349 1224 3416 effuge·

130 3427 180 3481 ret,
201 3418 340 3469 custodiri.
378 3420 519 3487 eliquanto
534 3417 634 3469 deinde
656 3425 777 3488 tempore
799 3427 891 3469 exacto
907 3418 972 3475 inde
991 3419 1105 3487 emissus
1119 3425 1169 3480 est,
1189 3415 1224 3467 de

130 3489 267 3540 sententia
289 3490 370 3540 etiarn
388 3489 493 3555 iratris3
513 3506 544 3540 ec
561 3506 589 3540 se
601 3489 723 3540 Genuam
742 3490 870 3541 contulit.
906 3487 1044 3559 metuebat
1063 3489 1166 3557 quippe
1180 3503 1227 3537 rex

130 3577 164 3610 ue
184 3561 211 3610 iu
223 3559 363 3610 Orientem
380 3559 514 3610 transiens
532 3558 622 3610 turbae
643 3560 784 3620 excitaret,
803 3575 817 3610 e
837 3559 934 3628 quibus
947 3559 1049 3609 bellum
1068 3558 1148 3609 civile
1166 3557 1228 3608 exi-

131 3638 222 3680 steret.
260 3629 343 3696 magis
373 3638 463 3681 autem
481 3637 555 3680 metu
574 3627 773 3680 Bursacidarum
794 3628 1022 3693 commovebatur,
1044 3645 1111 3698 quos
1130 3626 1228 3677 animis

130 3717 187 3750 non
217 3697 286 3750 bene
313 3714 374 3765 erga
402 3717 430 3751 se
448 3703 557 3750 affectos
583 3700 691 3751 sciebat
737 3699 834 3750 initum
863 3716 961 3768 nempe
985 3699 1056 3749 inter
1074 3696 1228 3749 Barsacidas

132 3778 160 3820 et
180 3767 381 3835 'l'urcatyrlidas
400 3779 427 3821 et
446 3768 635 3820 Caramsnidas
660 3769 709 3838 (sic
728 3769 826 3820 Cilices
853 3769 936 3820 bodie
956 3769 1141 3838 appellantur)
1160 3784 1228 3820 con-

132 3839 223 3891 silium
243 3839 353 3890 creandi
372 3841 465 3891 Zemee
484 3841 511 3892 iu
523 3839 634 3890 Oriente
656 3839 723 3906 regis
743 3847 810 3890 erat.
847 3839 998 3908 quodcum
1017 3837 1052 3889 ad
1073 3854 1150 3889 aures
1168 3836 1229 3888 sul-

132 3910 189 3961 lani
212 3909 286 3959 urbis
306 3911 494 3978 pervenisset,
526 3909 560 3961 de
579 3927 611 3961 eo
638 3908 757 3960 Rhodios
782 3909 911 3960 certiores
929 3909 1004 3972 lecit,
1021 3909 1069 3978 qui
1090 3909 1229 3959 bominem

133 3981 161 4030 in
180 3979 288 4048 ltaliam
308 3979 475 4049 ablegarunt.
513 3996 567 4048 quo
585 3989 727 4050 postquam
748 3977 933 4039 delatrantur,
954 3978 1083 4031 variisibi
1101 3995 1229 4047 peragre-

132 4051 167 4101 tis
188 4049 256 4101 locis
276 4049 513 4104 taudemltomam
534 4050 638 4102 incidit.
665 4051 723 4108 5ubi
744 4065 804 4100 cum
823 4057 902 4113 esset,
924 4066 983 4100 cum
1004 4051 1116 4102 Venetis
1136 4064 1228 4120 pacem
