2884 4775
253 249 328 332 248
624 266 679 328 un
705 263 836 336 anuos
853 259 976 328 ‘amm

253 464 367 531 σκεψιν
390 445 443 512 circi
464 445 565 531 φόβον
584 451 647 510 των
677 444 824 530 Τούρκων
841 449 905 524 Γἓως
925 447 960 513 τὸ
982 447 1063 513 1709
1084 441 1163 526 ἔτος,
1178 437 1239 509 Ιὅτε
1262 433 1360 528 η’λθεν

253 546 423 635 α’ρχιερείνς
447 550 492 621 εἰς
513 545 614 630 αὐτην
636 547 653 610 ὅ
674 545 912 630 Κωνστάντιος,
940 542 1109 628 ἄνθρωπος
1138 541 1284 628 ἐνάρετος
1308 542 1361 607 καί

255 646 364 736 σοφός.
408 648 481 712 ὅδὲ
503 644 756 727 κακοδιονόσιος,
780 646 796 711 ὃ
822 647 1000 712 τοῦαῦτοῦ
1029 644 1264 729 ἐπαγγέλματος
1285 643 1361 714 α’ναᾏ

255 758 342 832 ξισς,
361 745 472 835 φυγών
507 757 576 829 μετ’
598 750 752 832 αἰσχύνης
783 752 899 832 πολλῆς
929 747 983 811 καί
1010 742 1114 832 φόβου
1138 747 1260 809 ἐκεῖθεν
1281 740 1361 826 πρὸς

254 852 291 918 τὰ
312 852 472 934 μέρητῆς
487 848 624 923 Ἰταλίας
643 853 830 933 κατέφυγεν.
873 849 978 931 ὀλίγον
1001 850 1037 912 δὲ
1059 844 1172 928 καιρὸν
1191 846 1385 927 διατρίψαςδ

254 955 300 1029 εἷς
320 949 379 1026 τὰς
407 953 477 1015 ἐκεῖ
491 947 618 1029 πόλεις,
647 941 729 1032 η’λθε
749 953 830 1038 κακῇ
861 947 942 1036 τύχη
964 949 1054 1034 ἡμῶν
1074 949 1120 1023 εἰς
1140 944 1269 1017 τούτους
1288 939 1363 1014 τούς

255 1053 383 1133 τόπους,
406 1050 460 1115 καί
475 1049 675 1133 ε’κατοίκηοεν
695 1051 742 1126 εἷς
762 1049 796 1114 τὸ
818 1053 873 1114 rori
893 1047 985 1132 οἶγίου
999 1049 1186 1132 Δημητρίου
1201 1039 1364 1125 uocaueri-

257 1176 327 1240 ριον
346 1152 380 1217 τὸ
400 1147 520 1233 μεταξυ
545 1151 609 1214 τῶν
628 1147 757 1234 χωρίων
782 1149 973 1232 Κερασόβοο
996 1150 1051 1212 καί
1066 1141 1272 1228 Ῥαντοβιητη
1297 1144 1364 1204 κεί-

256 1274 362 1335 μενον,
386 1244 433 1324 είς
454 1247 489 1311 τὸ
513 1247 618 1313 ὁποῖον
640 1241 714 1331 η’τον
735 1245 896 1332 πρότερον.
931 1249 1106 1332 διατρίψας
1128 1247 1163 1310 δὲ
1183 1246 1253 1308 ἐκεῖ
1269 1245 1364 1326 σίρκε-

256 1352 312 1420 τὸν
330 1347 443 1434 καιρὸν
463 1352 581 1432 κατέβη
615 1347 722 1415 ἔπειτα
748 1353 794 1424 είς
817 1347 854 1413 τά
879 1347 1058 1432 tardarem,
1082 1341 1161 1410 ὅπου
1188 1339 1255 1430 εἶχε
1277 1340 1404 1414 τινὰςλθ

259 1456 391 1539 φιλους,
412 1448 467 1513 καί
496 1446 574 1513 idaia
596 1449 673 1527 τούς
699 1447 859 1534 Τοίρκους
893 1451 1017 1533 ὀλίγους
1054 1450 1110 1512 καί
1142 1445 1364 1518 κατοικοῦντας

225 1579 231 1584 ·
258 1551 321 1631 ἔξω
341 1554 400 1614 τοῦ
410 1547 573 1634 ’κᾶστρου
603 1553 771 1635 ἐμελέτησε
807 1549 926 1633 βουλὴν
956 1545 1214 1632 δυστυχεστάτην
1243 1548 1289 1620 είς
1310 1541 1366 1628 την

257 1648 350 1717 πόλιν
373 1647 510 1735 ταύτην·
567 1655 621 1715 καί
650 1649 803 1716 είσελθών
825 1647 869 1726 εἴς
897 1673 969 1715 τινα
991 1647 1084 1736 φίλον
1108 1671 1174 1730 του,
1198 1650 1305 1731 Ταγᾶν
1329 1642 1363 1710 τὸ

259 1749 378 1834 ὄνομα,
401 1756 455 1817 καί
475 1749 592 1829 ἄλλους
614 1751 792 1838 γνωρίμους
803 1805 813 1838 ,
834 1756 1058 1833 κοινολογεῖται
1079 1745 1156 1834 πρὸς
1177 1743 1295 1823 αὐτους
1318 1743 1366 1812 ὅτι

170 1870 172 1873 ’
258 1853 355 1935 ἔκαμε
374 1851 408 1918 τὸ
429 1851 610 1938 θεμοὶτιον,
642 1854 697 1918 καί
728 1851 781 1918 διαὶ
811 1855 868 1936 τῆς
889 1850 1093 1950 α’στρολογίας
1125 1849 1294 1932 ἐγνώρισεν
1318 1843 1366 1912 ὅτι
1377 1865 1404 1916 15

257 1956 365 2041 μίλλει
394 1955 430 2020 eui
452 1960 525 2044 γίνῃ
558 1951 776 2040 ἐλευθερωτής
809 1945 863 2036 ὅχι
881 1953 979 2033 μόνον
1001 1955 1062 2017 των
1080 1953 1264 2018 Ἰωαννίνων
1285 1947 1367 2014 α’λλοὶ
1420 1956 1424 1960 ’

259 2057 315 2121 καί
337 2059 399 2121 τῶν
419 2059 538 2120 λοιπῶν
558 2057 702 2132 πόλεων,
725 2055 863 2135 μάλιστα
885 2055 941 2116 καί
966 2055 1010 2130 εἰς
1031 2051 1085 2136 την
1109 2047 1368 2116 Κωνσταντινοί-

258 2162 350 2221 πολιν
373 2155 413 2219 νὰ
449 2156 595 2244 εἰσέλθῃ,
632 2157 689 2219 καί
720 2153 815 2229 αὐτὸς
851 2149 867 2218 ὃ
897 2151 1047 2235 βασιλευς
1077 2151 1112 2216 vri
1141 2148 1195 2215 τὸν
1226 2150 1367 2236 σηκωθῇ.

260 2260 381 2322 ἐκεῖθεν
406 2258 440 2320 δὲ
463 2255 602 2334 ἐξελθών
623 2255 663 2321 τοὶ
685 2257 750 2321 τῶν
770 2248 955 2323 ’ίωαννίνων
984 2251 1229 2339 περίχωρακαί
1247 2248 1289 2315 τὰ
1309 2252 1368 2316 τοῦ

260 2360 419 2442 α’νωτίρου
443 2359 672 2442 ἵμοναστηρίου
700 2356 754 2422 καί
784 2351 882 2431 ἄλλος
908 2353 1019 2441 χώρας
1036 2354 1236 2440 περιήρχετο,
1259 2358 1403 2440 φέρωυλθ

149 2527 157 2545 ‚
259 2461 402 2524 πλόσκαν
435 2460 490 2523 cut
509 2460 567 2522 τοῦ
597 2454 710 2543 ὤμου,
731 2462 786 2523 καί
807 2460 921 2543 κιρνοῖν
942 2455 1016 2532 τούς
1037 2454 1195 2541 γεωργούς
1215 2459 1365 2537 ποιμένας

259 2560 435 2643 βουκόλους
452 2559 507 2625 καί
522 2553 638 2636 ἄλλους
654 2558 825 2645 χωρικοίς,
843 2560 1078 2642 προσοικειοῦτο
1093 2553 1256 2633 τοιούτους
1271 2560 1367 2620 α’παι·

263 2658 402 2740 δείτοος.
415 2666 471 2727 καί
493 2662 672 2745 ἀπολέμους
692 2662 896 2748 στρατιώτας.
1440 2656 1441 2677 i

232 2956 237 2961 ’
264 2949 444 3014 iniiciebant,
464 2966 551 3021 unque
572 2949 607 3002 ad
625 2967 727 3002 aunum
749 2949 835 3014 1709,
863 2916 922 3002 cum
949 2951 1016 3003 iiiuc
1034 2950 1173 3004 adveniret
1190 2951 1367 3006 Constantius

265 3022 499 3092 archiepiscopus,
514 3021 594 3074 homo
614 3023 715 3075 virtute
736 3030 764 3074 et
781 3024 916 3093 sapientia
933 3023 1082 3095 praeditus.
1116 3024 1255 3094 improbus
1276 3034 1367 3078 autem

172 3086 181 3107 ‘
257 3096 421 3161 Dionysiae,
442 3093 546 3145 honoro
567 3111 616 3146 suo
635 3094 772 3163 indignus,
792 3112 852 3145 cum
871 3092 957 3146 multo
977 3094 1109 3147 dedecore
1130 3104 1157 3148 et
1179 3104 1283 3148 terrore
1305 3097 1367 3148 inde

264 3167 294 3218 in
312 3166 447 3233 regionem
467 3166 563 3216 Italiac
582 3166 714 3234 confugit.
752 3166 834 3217 breve
860 3175 951 3217 autem
977 3175 1084 3237 tempus
1103 3168 1131 3217 in
1155 3166 1231 3219 illius
1252 3167 1367 3219 urbibus

264 3246 401 3297 moratus,
429 3233 463 3286 ad
485 3244 604 3290 noctram
633 3238 812 3289 calamitatem
842 3238 870 3288 in
890 3237 937 3289 has
958 3245 1043 3290 terrac
1066 3239 1154 3303 venit,
1186 3240 1261 3290 etin
1281 3240 1366 3290 sancti

264 3308 396 3359 Demetrii
414 3308 579 3359 monasterio
600 3308 743 3372 habitavit,
763 3309 838 3380 quod
857 3310 927 3361 inter
940 3310 1108 3361 Keraaobum
1131 3319 1159 3361 et
1174 3309 1367 3363 Rantobictum

265 3380 347 3434 ritum
365 3385 414 3439 eat,
435 3379 464 3428 in
485 3395 539 3447 quo
559 3378 669 3448 quidem
689 3382 740 3430 iarn
762 3389 843 3432 antea
865 3381 961 3432 suerat.
993 3390 1113 3433 moratus
1134 3390 1225 3433 autem
1244 3382 1283 3432 ibi
1304 3382 1367 3432 diu-

266 3450 329 3512 tiur,
351 3449 509 3501 Ioanninam
529 3449 619 3513 rediit,
642 3451 688 3501 ubi
708 3452 807 3503 amicos
826 3452 958 3522 quosdam
980 3452 1115 3515 habebnt,
1137 3461 1243 3504 etcum
1263 3454 1365 3505 ‘Furcas

266 3537 323 3571 ease
341 3536 441 3589 paucos
463 3531 491 3573 ct
510 3530 584 3573 entra
603 3521 744 3574 cantellum
764 3522 889 3575 habitare
906 3524 1033 3586 vidisset,
1054 3523 1199 3575 consitium
1217 3524 1283 3577 huic
1305 3524 1365 3575 urbi

266 3590 482 3653 infelicissimum
496 3594 668 3661 excogitavit,
688 3602 715 3643 et
733 3593 768 3644 ad
783 3596 897 3645 amicum
913 3594 1048 3664 quendam
1065 3596 1186 3660 veniena,
1204 3598 1247 3647 cui
1266 3614 1366 3650 nomen

267 3670 324 3714 erat
342 3662 448 3729 Tagae,
467 3673 495 3715 ct
516 3665 550 3715 ad
569 3666 655 3729 alica,
673 3662 744 3735 quos'
764 3674 857 3730 norat,
878 3683 937 3717 cum
959 3667 992 3717 iis
1011 3668 1206 3747 communicat,
1234 3669 1289 3719 ribi
1308 3685 1365 3719 esre

266 3751 434 3803 perauctum,
456 3742 483 3786 et
501 3738 646 3805 astrologia
666 3737 885 3805 recognovisse,
910 3738 982 3802 sore,
1005 3746 1034 3789 ut
1056 3739 1189 3789 liberator
1206 3739 1285 3791 fieret
1312 3756 1366 3790 non

265 3804 349 3857 modo
370 3806 522 3867 ioanoinac,
540 3807 588 3858 aed
608 3809 690 3860 etiam
710 3808 815 3864 urbium
836 3817 994 3872 ceterarum,
1015 3817 1097 3879 atque
1114 3809 1182 3862 adeo
1206 3810 1365 3862 Constanti·

266 3877 390 3946 nopolim
410 3876 614 3942 ingrederetur,
644 3889 672 3932 et
700 3898 746 3932 rex
769 3881 826 3949 ipae
847 3898 906 3931 eum
927 3880 1006 3933 modo
1028 3873 1272 3951 diguo'acciperet.
1311 3890 1366 3933 tum

267 3950 335 4000 exiit
355 3957 383 3999 et
400 3947 522 4014 regiones
540 3952 688 4004 loanninae
710 3960 739 4003 ct
758 3951 862 4002 altioris
881 3953 1039 4004 monasterii
1059 3961 1087 4003 ct
1108 3953 1174 4004 aliar
1198 3960 1284 4004 terrae
1303 3970 1366 4021 per·

267 4020 387 4087 agravit,
408 4026 513 4087 geataua
534 4038 578 4073 raa
597 4024 714 4091 ligneum
735 4024 764 4074 in
787 4022 904 4075 humeris
923 4033 952 4076 et
970 4024 1093 4075 alliciens
1115 4024 1255 4093 agricolae,
1274 4032 1366 4095 paeto-

269 4108 319 4154 rea,
340 4090 472 4141 bubulcos
491 4091 614 4165 aliosque
629 4098 697 4149 ruric
715 4095 845 4161 colonos,
865 4096 934 4153 talea
954 4094 1033 4152 ruder
1053 4104 1080 4153 et
1099 4096 1167 4152 belli
1185 4096 1295 4167 ignaros
1315 4096 1366 4149 sibi

269 4162 425 4218 conciliavit
443 4161 552 4217 militer.

262 4332 272 4357 t
