2884 4775
459 226 776 293 rrrurrncrncr.
1107 219 1176 297 ιον

86 381 148 442 ταῖν
171 372 338 458 ἀρχόντων
358 374 545 451 scissuris
566 378 625 441 rori
642 381 731 456 λαοῦ,
752 377 917 462 ἕψηφισαν
936 370 1034 443 ον’τὸν
1044 379 1101 444 τὸν
1122 378 1178 441 κε’-

85 503 135 559 ριν
155 476 323 564 Νηφωνα,
355 480 410 541 καί
438 477 625 540 α’πίσττιλαν
650 470 770 561 ἄνδρας
797 482 920 558 τιμίους
942 477 996 542 καί
1015 479 1180 562 κληρικούς

84 579 168 657 μέσα
199 576 243 649 εἰς
265 574 298 639 τὰ
321 569 529 659 drausione,
563 579 617 639 καί
637 574 792 660 ἐζήτησαν
816 573 912 641 αὐτὸν
933 575 987 640 διὰ
1008 578 1179 661 ιῖρχιερέαν

85 675 203 752 αὐτῶν,
225 667 275 737 ὅτι
297 675 317 757 ἦ
340 674 432 759 φήμη
454 677 557 738 αὐτοῦ
578 669 653 758 ἦτον
680 679 844 758 πανταχοῦ
865 680 1051 760 βεβοημὲνη.
1093 670 1179 756 ὅμως

60 773 103 837 56
124 770 218 847 αὐτὸς
248 772 339 856 κύρις
361 777 483 859 Νηφων
514 778 567 839 tte
594 775 731 859 ἠθέλησε
755 775 792 841 voi
826 773 861 840 τὸ
897 777 1038 862 οἰκούσῃ,
1071 770 1116 840 ὅτι
1139 772 1177 839 ια’

84 866 160 958 εὔχῃ
182 870 243 954 ἀπὸ
268 873 304 935 τὸ
325 872 520 957 μοναστὴρη,
540 873 580 939 νοὶ
600 877 683 956 γένει
702 870 881 959 ἀρχιερεύς.
932 873 961 939 οἱ
991 877 1027 939 dri
1042 876 1180 956 dyror'ru·

85 996 131 1036 τοι
152 972 270 1055 πάτρις
289 979 346 1037 τοῦ
360 976 574 1058 μοναστηρίου
595 976 720 1058 ὑπῆγον
731 974 810 1055 πρὸς
821 974 926 1055 ου’τὸν,
946 974 1002 1040 καί
1012 973 1180 1058 τόνὲιλεή-

84 1076 188 1155 θησαν
219 1074 275 1135 καί
293 1072 549 1155 ε’παρεκσὶλεσαν,
578 1074 714 1157 λέγοντες
744 1070 794 1138 ὅτι
827 1077 917 1139 τοῦτο
939 1073 1008 1141 ἔνοιι
1040 1068 1180 1160 ὠφέλεια

85 1174 184 1235 λαοῦ·
239 1173 294 1235 καί
322 1170 430 1253 ἐπειδὴ
450 1173 545 1256 χρεία
576 1172 645 1237 ἔναι
666 1175 757 1252 ἀξίου
778 1180 931 1258 ποιμένος,
951 1175 997 1258 μη“
1020 1174 1183 1258 παρηκοί-
1274 1179 1276 1188 '

42 1294 75 1346 10
85 1296 143 1360 σης
162 1270 272 1353 ἡμῶν,
293 1269 374 1335 ἄλλα
395 1266 498 1355 ίίπαχε
514 1271 605 1353 ’μετὰ
628 1277 689 1338 τῶν
708 1270 870 1357 ἡμετέρων
894 1274 1010 1357 εὐχῶν,
1031 1274 1085 1337 καί
1104 1274 1182 1355 λάβε

83 1373 139 1434 τὸν
159 1371 292 1455 θρόνον,
323 1369 362 1435 voi
375 1374 542 1459 ποιμαίνης
561 1372 614 1437 τόν
631 1374 854 1457 χριστώνυμον
874 1374 950 1437 λαὸν
980 1375 1037 1438 τοῦ
1060 1367 1180 1455 κυρίου.

85 1468 103 1532 ὁ
126 1472 162 1532 δὲ
182 1468 356 1551 οἷμιώτοιτος
379 1470 495 1553 αὐτός,
532 1467 548 1533 ὃ
584 1472 674 1555 κύρις
696 1470 839 1558 Νήφοιν,
860 1471 904 1557 μη
925 1471 1008 1556 ἔχων
1029 1475 1122 1536 πλέον
1143 1472 1179 1535 vd

85 1572 173 1634 εἰπεῖ
190 1574 305 1634 κσνὲνα
326 1574 440 1656 τίποτε,
464 1570 518 1635 διίι
540 1568 578 1636 sd
600 1575 700 1654 μηδὲν
715 1577 804 1660 φανῇ
823 1571 980 1656 παρηκοος
1001 1575 1062 1638 τῶν
1085 1572 1183 1637 ὁσιω-

84 1670 190 1732 τάτων
211 1670 348 1754 πάτρων,
370 1670 581 1755 ε’προσκύνησι
603 1674 648 1759 τῷ
665 1674 743 1758 θείην
771 1672 968 1761 μοναστηρίην
988 1677 1043 1735 καί
1066 1665 1183 1745 αὖτοὺς

42 1765 161 1846 ι5τουζς
193 1770 340 1852 γέροντας
372 1773 428 1833 καί
453 1766 573 1845 πάντας
605 1767 683 1844 τούς
702 1771 880 1855 ἀδελφούς,
907 1776 963 1835 καί
981 1770 1080 1854 ὑπῆγε
1101 1767 1182 1850 μετὰ

84 1872 149 1931 ταῖν
173 1869 427 1934 Θεσσαλονικέων
447 1872 481 1934 ἐν
504 1872 542 1957 τῇ
561 1870 681 1957 μεγάλη
709 1872 865 1958 ἐκκλησίᾳ,
886 1873 941 1935 καί
961 1871 1182 1955 ἐχειροτονήθη

83 1970 313 2052 μητροπολίτης
335 1969 574 2053 Θεσσαλονίκης.
627 1964 759 2051 ὕστερον
786 1973 821 2035 δὲ
842 1972 930 2054 ἐγίνη
949 1974 1003 2033 καί
1024 1968 1183 2052 πατριάρὲ-

82 2092 144 2151 χης
167 2067 540 2143 Κωνσταντινουπόλεοος.
590 2068 833 2154 τοιουτοτρόποις
866 2068 1005 2153 ιῖυιβᾰζη
1037 2070 1057 2149 ἡ
1087 2068 1179 2151 οἷρετὴ

84 2170 222 2241 ἐκείνους
245 2165 324 2239 dauri
343 2165 402 2250 την
424 2170 577 2248 α’χαποῦν.
718 2171 722 2180 ’
1108 2176 1111 2181 ’

40 2290 77 2343 20
163 2259 269 2345 Ὅμως
292 2268 489 2333 α’πίθανενό
525 2268 633 2354 πρώην
654 2266 876 2351 πατριάρχης,
898 2265 989 2349 stipae
1010 2265 1143 2347 Συμεών
1165 2266 1181 2331 ὅ

90 2361 330 2449 Τραπεζόντιος,
352 2370 407 2432 καί
426 2368 528 2455 α’φηκε
548 2372 619 2450 βίον
634 2360 776 2453 ἄπειρον,
798 2371 854 2433 καί
875 2371 928 2434 (λέν
948 2365 1046 2449 ἔκαμε
1067 2371 1182 2448 ζαῖντος

87 2464 191 2528 αὐτοῦ
210 2470 328 2546 καμίοιν
358 2468 536 2549 οἰκονομίαν
566 2468 619 2533 διὰ
653 2467 707 2533 τὸν
735 2469 806 2552 βίον
828 2465 940 2550 αὐτοῦ,
965 2465 1016 2533 tn
1037 2467 1076 2533 vti
1100 2471 1201 2552 γένει’

84 2739 200 2808 ingressi
220 2746 292 2801 sunt,
319 2738 366 2790 ubi
395 2739 498 2806 synodo
522 2742 611 2804 sacta,
635 2740 825 2810 praesentibus
856 2742 960 2794 clericis
980 2750 1018 2807 ¹et
1046 2743 1104 2794 aliis
1134 2759 1179 2794 ss·

85 2827 191 2861 crorum
210 2809 337 2860 ordinum
355 2811 420 2862 viris
438 2813 656 2881 primoribusque
674 2813 790 2863 civitatis
809 2819 837 2862 et
857 2822 952 2863 cuncto
972 2813 1083 2932 populo,
1104 2814 1179 2881 iege-

85 2890 149 2932 runt
167 2883 254 2950 ipsum
274 2882 425 2950 Niphonem
445 2891 582 2949 nostrum;
603 2885 743 2952 missisque
761 2883 956 2933 honestissimis
995 2883 1128 2934 ominibus
1146 2901 1179 2934 ac

84 2952 195 3002 clericis
209 2953 238 3001 iu
256 2961 374 3004 montem
405 2962 526 3005 sanctum
557 2955 644 3022 ipsum
673 2955 765 3005 venire
785 2952 819 3002 ad
838 2970 883 3016 se,
902 2960 933 3004 ut
950 2954 1072 3021 pontifex
1091 2953 1180 3017 fieret,

82 3024 195 3084 iussere,
217 3023 292 3093 qnod
312 3024 449 3092 praeclara
467 3023 500 3076 de
523 3025 581 3092 ipso
603 3025 672 3076 sama
693 3040 782 3094 sparsa
801 3032 858 3074 erat
876 3024 954 3089 louge
974 3024 1092 3094 lateque.
1124 3042 1178 3075 no-

86 3093 165 3144 lebat
184 3110 229 3144 eos
248 3094 342 3145 audire
361 3094 470 3163 Niph0:
498 3095 639 3146 recusabat
663 3097 735 3146 crire
763 3094 796 3144 de
815 3094 978 3145 monasterio
1008 3102 1034 3145 et
1053 3093 1177 3162 pontifex

84 3166 156 3215 fieri.
194 3165 355 3215 sanctissimi
374 3181 436 3216 vero
455 3174 544 3234 patres
562 3168 717 3217 monasterii
740 3172 908 3226 accesserunt
929 3163 964 3214 ud
982 3165 1079 3234 ipsum,
1100 3182 1177 3232 roga·

84 3244 166 3298 runt,
193 3236 326 3286 cohortati
343 3246 424 3287 suut:
451 3236 503 3288 hoc
526 3254 558 3287 err
587 3255 614 3287 re
640 3238 735 3306 popuii
768 3237 835 3286 fore.
885 3235 1029 3286 “omuino'’
1047 3237 1177 3305 inquiunt

82 3317 172 3375 “opus
190 3315 230 3357 est
250 3308 379 3361 ecciesiae
400 3307 481 3374 digno
500 3315 615 3376 pnstore.
663 3309 726 3359 ideo
748 3324 781 3359 ne
805 3305 924 3358 detrecto
943 3313 1060 3358 nostrum
1081 3307 1177 3358 cohor-

82 3378 231 3440 tationem,
250 3376 297 3427 sed
324 3378 333 3425 i
364 3378 479 3446 pedihus
501 3379 609 3439 inustis,
635 3380 735 3430 nostris
766 3379 907 3429 comitatus
936 3378 1072 3447 precihus.
1110 3395 1176 3447 cape

81 3447 220 3516 pascendo
241 3447 339 3499 Christi
360 3448 394 3499 de
411 3450 520 3500 nomine
540 3447 613 3500 dicto
633 3451 706 3518 gregi
726 3449 875 3500 thronum.''
911 3455 975 3500 tnnc
995 3449 1175 3501 sanctissimus

82 3519 123 3568 vir
141 3519 264 3571 oratione
282 3520 401 3586 ipsorum
423 3521 508 3570 victus
528 3518 609 3588 (nihil
637 3523 755 3591 quippe,
774 3519 848 3588 quod
866 3518 1068 3584 contradiceret,
1089 3520 1175 3572 hahe-

81 3589 151 3656 bat),
170 3605 206 3640 ue
227 3597 371 3640 contumax
396 3589 521 3642 adversus
552 3592 768 3660 religiosissimos
796 3599 887 3660 patres
914 3589 1057 3653 videretur,
1077 3608 1173 3660 supre-

80 3678 155 3712 mum
175 3659 266 3711 divino
285 3663 448 3712 monasterio
468 3661 614 3715 valedixit
634 3672 661 3714 et
679 3681 772 3714 senum
793 3662 883 3730 coetui
902 3658 1026 3730 adeoque
1046 3661 1183 3713 omnihus

80 3731 220 3791 fratribus,
239 3748 270 3781 ac
280 3731 534 3783 Thessalonicenses
546 3743 652 3785 secutus
672 3744 712 3788 est
729 3733 763 3784 ad
779 3747 902 3798 magnam
915 3731 1064 3794 ecclesiam,
1084 3732 1171 3784 Thes-

80 3803 314 3871 salonicensisque
334 3805 505 3872 metropolita
526 3805 694 3857 renuntiatus
712 3814 761 3856 est.
799 3802 863 3854 iude
881 3809 973 3853 secuto
984 3809 1104 3872 tempore
1123 3820 1171 3872 pa-

79 3872 254 3925 triarchicum
278 3874 355 3942 Cpoii
378 3873 459 3926 decus
479 3876 600 3945 accepit,
619 3876 688 3928 sicut
708 3875 830 3928 diximus.
878 3873 916 3924 its
934 3874 1018 3926 virtus
1040 3874 1171 3926 extollere

78 3947 120 3996 sui
140 3942 276 3995 studiosos
294 3945 373 3995 solet.

153 4031 191 4080 Eo
210 4038 331 4099 tempore
358 4031 473 4096 Symeon
493 4032 709 4100 Trapezuntius,
734 4033 781 4101 qui
802 4049 881 4101 supra
903 4031 1052 4102 patriarcha
1072 4031 1169 4094 iuerat,

78 4101 154 4154 diem
173 4118 251 4152 suum
271 4101 349 4163 obiit,
369 4103 469 4154 relictis
483 4105 593 4171 magnis,
613 4120 698 4173 prope
717 4104 874 4168 innumeris,
895 4102 1004 4174 opibus,
1022 4102 1099 4154 nullo
1121 4119 1170 4171 per

139 4213 206 4264 Hist.
224 4220 294 4281 patr.
317 4211 367 4263 GP.
960 4211 978 4264 9
