2884 4775
259 254 308 325 96
594 362 595 369 ¹
642 207 644 210 ι
706 262 901 327 merome

258 414 333 497 arpis
351 415 482 498 μήνυμα
502 419 556 479 καί
576 418 610 480 τό
632 420 721 502 μέγα,
745 416 976 501 ἐχειροτόνησεν
994 414 1094 480 aristis
1112 416 1129 478 ό
1147 414 1342 498 Ἡρακλείας.

181 499 188 510 ’
258 514 312 579 καί
332 510 419 579 aionis
441 512 674 601 ἐχειροτονήθη,
695 517 845 581 ἐκάθισεν
860 577 862 584 1
877 518 923 589 εἰς
944 512 995 579 τόν
1009 515 1213 600 „omissuros
1235 504 1341 597 ausos·

257 612 392 697 αρχικόν
415 614 539 697 θρόνον,
560 616 615 679 καί
635 614 733 695 ἔκαμε
745 614 875 697 μερικόν
896 613 1014 696 καιρόν.
1056 620 1112 679 καί
1126 605 1197 697 ἦτον
1220 607 1342 697 άνθρω·

255 737 314 806 Ιστος
335 711 509 798 εἰρηνικός,
532 714 587 778 καί
604 716 766 779 σκάνδαλα
787 716 839 779 δέν
865 714 983 795 α’μάαα.
1026 713 1135 777 λοιπόν
1159 713 1188 776 οἱ
1208 720 1344 796 κληρικοί
1416 726 1417 729 ’

256 815 310 877 δὲν
329 810 451 876 §tisias
472 814 511 876 νά
534 816 633 896 μηδὲν
661 812 800 894 κάμνοον
820 815 998 891 σκάνδαλα,
1022 810 1060 874 νά
1083 810 1139 875 τόν
1160 814 1364 875 iuravisti-5

255 914 339 990 ζοον.
381 915 435 975 καί
468 912 559 976 τόσον
579 914 717 997 έβαρέθη
748 909 786 976 τά
808 908 969 975 σκάνδαλά
989 934 1062 984 τους
1083 906 1130 974 ότι
1148 913 1201 975 δὲν
1219 909 1343 975 siivas

254 1008 292 1073 νά
313 1008 353 1073 τά
374 1008 538 1097 incutiens
566 1011 661 1089 μόνον
682 1006 800 1093 όαῆγεν
822 1010 877 1073 καί
897 1008 1006 1073 ἔκτισεν
1027 1009 1072 1083 εἰς
1091 1007 1146 1072 ἕνα
1171 1014 1284 1093 φρέαρ,
1306 1008 1342 1071 νά

254 1114 357 1198 τονιγῇ.
399 1110 453 1173 κατ’
473 1106 559 1172 άτσάν
583 1107 672 1173 ἔπεσε
691 1114 774 1189 μέσα
792 1111 857 1185 τόν,
877 1107 949 1172 ἴδαν
969 1112 1051 1183 τινὲς
1074 1110 1272 1191 Χριστιανοί,
1293 1110 1346 1170 καί

253 1205 397 1291 έδραμαν
430 1211 485 1272 καί
515 1206 569 1272 τόν
591 1202 729 1289 εόγαλαν
758 1213 842 1289 μέσα
870 1210 931 1271 άπὸ
955 1208 987 1271 τό
1015 1211 1139 1293 φρέαρ·
1181 1207 1237 1270 καί
1257 1205 1344 1286 μόλις

253 1308 334 1369 oneri
358 1304 487 1387 όμτλιεν,
511 1306 593 1370 διότι
614 1309 659 1378 τίς
677 1308 782 1389 ὀλίγον
803 1302 880 1391 ἦλθε
905 1304 942 1369 νά
967 1310 1069 1392 ανιγῇ.
1124 1310 1179 1369 καί
1198 1308 1344 1387 ἐπέρασεν
1355 1320 1382 1372 10

254 1406 371 1483 πολλάς
391 1407 511 1489 ἡμέρας
532 1404 670 1489 (iubenis
697 1405 758 1469 άκιό
782 1408 835 1470 τόν
862 1404 992 1470 ε”κτοπον
1014 1406 1093 1469 taor}
1112 1404 1226 1469 ἔδωκεν
1247 1408 1292 1479 εἰς
1311 1394 1343 1467 τά

253 1510 379 1591 φρέαρ,
415 1506 469 1569 καί
488 1505 550 1569 ainsi
585 1507 618 1569 τό
643 1504 720 1569 notri
748 1504 819 1587 νερό
851 1505 938 1568 taos·
950 1510 1092 1587 ἐγέμισεν
1114 1506 1131 1591 ἡ
1155 1504 1257 1568 κοιλία
1278 1528 1344 1567 τοο.

254 1610 309 1670 καί
329 1610 462 1671 ἐπίασαν
484 1606 584 1669 αὐτόν
605 1604 634 1669 οἱ
656 1609 762 1688 ἰατροί
782 1609 822 1685 μὲ
845 1604 944 1668 πολλά
966 1606 1128 1689 καθάρσια
1151 1608 1206 1669 καί
1225 1608 1266 1685 μὲ
1288 1596 1346 1667 άλ-

252 1712 310 1780 λας
331 1704 487 1787 ἰατρείας,
510 1705 566 1769 καί
588 1705 761 1787 ἰάτρεοοαν
794 1704 904 1769 αότόν·
946 1708 1000 1766 καί
1021 1708 1073 1768 δέν
1095 1702 1204 1769 ἔντεσιν
1226 1705 1345 1788 εἰςτὴν
1416 1758 1417 1797 ,

252 1808 419 1887 καταδίκην
447 1808 587 1891 ἐκείνην,
616 1803 653 1867 νά
689 1802 768 1889 λάβῃ
799 1801 854 1867 τόν
884 1802 1095 1885 δεληματικόν
1124 1804 1261 1869 θάνατον
1292 1806 1346 1867 καί
1355 1819 1382 1868 15

252 1904 414 1989 δοτερηθῇ
442 1902 499 1987 τόν
536 1904 631 1983 δόξαν
660 1906 719 1967 iuri
749 1906 846 1983 θεοῦ,
880 1900 918 1967 νά
951 1901 1164 1990 κληρονσμὴσφ
1200 1902 1236 1969 τό
1267 1904 1346 1969 οἰτό-
1416 1924 1417 2019 ρ

252 2026 318 2068 stov
339 2007 416 2084 αὖρ.
1416 2022 1417 2053 i

348 2098 453 2183 Ὅμως
482 2104 591 2166 τοῦτον
620 2100 675 2166 τόν
705 2099 904 2185 αατριάρχην
934 2098 1073 2186 Ἰιοάοαφ
1101 2100 1155 2165 τόν
1175 2093 1345 2182 εάγαλενό

253 2204 424 2275 οουλτάνος
452 2200 514 2263 aad
546 2199 602 2285 τήν
633 2199 726 2264 πόλιν
753 2201 807 2263 καί
833 2200 886 2264 τόν
916 2196 1066 2281 ἐξόρισεν.
1114 2204 1169 2263 καί
1188 2198 1344 2263 άκοάοατε

251 2296 307 2381 τὴν
327 2302 442 2367 αἰτίαν.
484 2294 560 2363 όταν
582 2298 732 2381 έαῆρενό
755 2295 853 2373 αάτός
871 2297 1042 2374 σονλτάνος
1063 2295 1120 2382 τὴν
1145 2300 1382 2381 Τραπεζοῦνλθ

251 2424 299 2481 τα,
321 2395 402 2462 rinnai
422 2398 476 2463 τόν
506 2401 736 2483 έαροσκόνησεν
772 2401 888 2472 ἐκεῖνος
922 2395 938 2461 ό
967 2399 1117 2480 βασιλικός
1148 2402 1207 2462 τοῦ
1233 2399 1344 2479 τόπον,

252 2496 386 2579 άνόματι
405 2502 514 2581 Aesis
544 2497 561 2562 ό
585 2501 768 2583 Κομνηνός,
790 2492 864 2582 ἦτον
893 2501 964 2573 ένας
988 2496 1269 2583 αρωτοβεστιάριος
1289 2501 1343 2580 τῆς

252 2757 286 2808 ab
301 2758 444 2809 Heracleae
465 2758 586 2811 antistite
615 2761 784 2811 renuntiatus
805 2767 853 2810 est.
873 2757 1073 2809 renuntiatione
1093 2766 1199 2826 peracta
1219 2756 1293 2808 sedit
1314 2757 1341 2808 in

252 2828 384 2880 altissimo
402 2830 578 2898 patriarchico
598 2831 677 2894 solio,
694 2831 855 2900 munerique
875 2830 908 2879 ad
920 2837 1023 2898 tempus
1044 2829 1169 2898 praefuit.
1190 2829 1270 2878 homo
1290 2845 1343 2896 pa-

252 2901 289 2950 cis
309 2900 452 2961 studiosus,
472 2902 581 2952 minime
601 2902 806 2952 contentionum
833 2917 931 2950 amans.
981 2908 1008 2950 at
1026 2900 1113 2950 clerici
1132 2899 1201 2949 nibil
1220 2901 1343 2948 intenta·

252 2978 308 3020 tum
330 2966 498 3040 reliquerunt
522 2991 576 3042 quo
608 2975 696 3022 minus
729 2972 791 3021 rixis
815 2970 1091 3040 contentionibusque
1116 2970 1202 3038 ipsum
1219 2971 1342 3036 exagita-

252 3049 321 3091 rent.
357 3051 385 3092 et
402 3043 470 3092 adeo
489 3045 574 3109 gravis
602 3060 694 3094 eorum
710 3043 849 3093 infestatio
870 3042 922 3092 fuit
941 3049 971 3092 ut
989 3041 1036 3091 ille
1055 3042 1118 3090 huic
1136 3039 1265 3090 ferundae
1285 3057 1342 3090 uon

252 3120 331 3174 esset,
349 3111 396 3162 sed
415 3113 508 3162 abiens
531 3115 558 3165 in
578 3122 686 3182 puteum
707 3131 735 3164 se
757 3114 910 3174 coniiceret,
928 3121 959 3161 ut
977 3115 1157 3162 suffocaretur.
1195 3128 1275 3180 quem
1296 3112 1341 3160 in·

252 3181 384 3232 eicientem
414 3184 559 3250 conspicati
591 3186 695 3255 aliquot
718 3184 758 3253 pii
787 3191 975 3244 accurrerunt,
995 3198 1110 3250 eumque
1132 3181 1195 3232 inde
1214 3189 1342 3232 extraxe-

254 3261 322 3302 runt.
360 3253 406 3320 qui
425 3269 502 3318 aegre
522 3256 596 3324 loqui
618 3265 733 3324 poterat,
754 3253 825 3324 qaod
848 3269 940 3321 parum
962 3270 976 3301 a
997 3254 1172 3302 suffocatione
1197 3251 1341 3302 abfuisset.

251 3322 289 3371 ita
308 3323 406 3372 multos
425 3321 483 3372 dies
502 3326 591 3389 eregit
608 3326 711 3376 infirma
725 3323 881 3375 valetudine
900 3324 1097 3392 propteriiium
1117 3341 1214 3385 casum,
1233 3339 1289 3392 quo
1313 3325 1342 3372 in

251 3400 363 3461 puteum
391 3397 629 3460 praecipitaverat,
657 3405 684 3446 et
710 3405 820 3463 propter
844 3396 947 3462 copiam
967 3411 1071 3462 aquae,
1095 3410 1148 3462 quo
1167 3402 1260 3442 venter
1282 3395 1342 3444 eius

255 3462 373 3530 repletus
393 3471 459 3513 erat.
508 3474 669 3536 acceperunt
685 3466 771 3533 ipsum
792 3464 886 3514 medici
910 3466 1056 3514 curandum
1080 3465 1177 3515 crebris
1198 3466 1342 3532 purgatio-

250 3533 331 3583 nibus
349 3533 463 3603 aiiisque
480 3533 723 3597 medicationibus,
744 3535 829 3584 donec
849 3535 954 3584 tandem
974 3533 1124 3586 valetudini
1143 3535 1276 3604 pristinae
1296 3551 1340 3584 re·

251 3605 404 3654 stituerunt.
440 3605 476 3655 ita
497 3622 553 3656 non
571 3605 666 3656 incidit
682 3605 708 3654 in
728 3604 978 3668 condemnationem
1006 3606 1089 3662 iilam,
1109 3616 1139 3656 ut
1159 3605 1341 3655 voluntariam

251 3673 302 3724 sibi
323 3674 499 3726 conscisceret
518 3684 640 3738 mortem,
659 3676 798 3743 gloriaque
817 3674 860 3724 dei
878 3677 995 3744 privatus
1015 3677 1118 3726 aeterni
1140 3677 1207 3743 ignis
1228 3674 1342 3725 heredi-

252 3752 333 3796 tatem
352 3743 447 3795 adiret.

321 3832 460 3881 Enimvero
478 3832 548 3884 hunc
562 3831 737 3901 patriarcham
752 3831 910 3902 ioas'apbum
930 3835 1051 3884 sultanus
1071 3833 1136 3883 urbe
1155 3833 1244 3899 exegit
1261 3840 1292 3882 et
1312 3833 1341 3884 in

250 3903 361 3954 exilium
381 3903 493 3970 pepulit.
541 3902 620 3953 huius
642 3903 679 3953 rei
698 3919 803 3952 causam
823 3904 923 3954 audite.
975 3921 1027 3974 quo
1049 3895 1168 3970 tempore
1189 3902 1233 3952 hic
1252 3903 1338 3952 suita-

249 3991 300 4026 nus
320 3975 515 4044 Trapezuntem
544 3975 626 4043 cepit,
648 3973 814 4024 deditionem
837 3976 893 4026 eius
919 3975 971 4025 loci
992 3991 1052 4041 rege
1075 3975 1201 4035 faciente,
1221 3974 1264 4023 cui
1286 3989 1341 4024 uo-

249 4062 309 4096 men
330 4043 424 4095 Davisii
442 4041 579 4095 comneno
599 4045 661 4108 fuit,
682 4055 740 4095 erat
762 4044 871 4114 quidam
899 4045 929 4097 in
949 4062 981 4095 eo
1003 4058 1083 4112 regno
1105 4043 1340 4112 protovestiarius,

250 4134 319 4169 uuus
337 4133 370 4168 er
389 4115 522 4186 primariis
540 4115 710 4186 Trapezunte
728 4114 812 4178 viris,
833 4117 917 4184 lagari
937 4133 951 4166 e
969 4116 1025 4166 iilia
1044 4116 1144 4184 nepos,
1165 4132 1179 4166 e
1198 4115 1275 4166 cuius
1295 4113 1339 4165 la·
