2884 4775
266 195 341 276 oot
406 245 412 256 ·
540 210 738 295 ursroum
751 149 1077 326 mmmrhrcruct²

265 393 333 451 μεν,
355 360 407 434 ότι
427 365 481 431 καί
500 370 604 449 μέσα,
636 371 692 431 καί
711 363 773 445 ἔξω
794 363 864 432 ἒναι
886 363 943 452 δλη
966 366 1096 451 λαμπρῆ
1120 364 1297 454 φωτοειδης
1318 365 1371 431 καὶ

265 467 517 553 θαυμασιωτάτη
554 469 618 532 α’πό
653 467 709 551 τὴν
732 464 922 552 κόραιότητα.
977 471 1048 532 α’ντί
1075 470 1111 533 δὲ
1136 471 1194 532 τοῦ
1214 468 1369 551 ον’ρανίου

265 570 384 653 θρόνου
416 566 531 651 ἔκαμεν
567 563 668 634 αότόν
697 569 752 632 τὸν
781 573 869 633 θεῖον
891 565 1026 653 θρόνον,
1055 566 1112 632 τόν
1140 568 1368 651 ὑπέρλαμπρον

267 665 350 733 όπυῦ
370 667 516 750 εἴπαμεν.
559 669 615 735 κατ’
636 669 746 745 καθώς
770 669 789 753 ἦ
812 666 927 753 θεότης
949 669 1082 753 κάθηται
1105 670 1159 735 ε’πί
1180 667 1300 752 θρόνου
1323 670 1369 741 εἰς
1434 701 1435 760 η

266 769 323 834 τόν
348 766 508 854 οὐρανόν,
533 767 634 848 οὕτως
655 773 710 835 καί
732 770 828 845 ου’τός
851 768 867 832 ό
891 769 1058 854 δεσπότης,
1081 770 1097 832 δ
1119 774 1226 856 φέρων
1245 770 1300 854 την
1323 771 1392 834 εἰ·5

267 869 343 937 κόνα
377 873 436 934 τοῦ
454 868 525 946 ἑνός
555 874 607 955 τῆς
627 870 719 954 ἁγίας
749 869 879 952 τριάδος
902 873 1064 954 Χριστοῦ,
1091 874 1150 934 τοῦ
1168 873 1247 935 θεοῦ
1267 873 1368 956 ἡμῶν,

267 973 402 1057 κάθηται
424 975 478 1037 ε’πί
498 976 557 1037 τοῦ
577 977 668 1037 θειόυ
690 972 811 1056 θρόνου
830 974 888 1036 τοῦ
909 972 1061 1054 ἐπιγείου.
1105 969 1175 1036 ἔναι
1197 973 1231 1034 δὲ
1246 970 1300 1034 καὶ
1320 974 1370 1034 λέ-

265 1095 354 1155 γεται
378 1069 476 1148 αότός
506 1071 523 1136 ό
554 1071 627 1148 ναός
647 1072 703 1155 τῆς
724 1071 863 1155 μεγάλης
892 1071 1057 1156 ἐκκλησίας
1080 1073 1137 1156 τῆς
1157 1073 1370 1154 παμμακαρί-

266 1197 344 1237 στου
368 1174 501 1256 ε’πίγειος
521 1171 684 1253 σόρανός,
701 1177 756 1236 νέα
780 1170 880 1236 Σιών·
917 1172 982 1256 τὴν
1004 1171 1116 1236 όποῖαν
1136 1169 1253 1235 ἔκτισεν
1275 1168 1292 1235 ὅ
1312 1165 1369 1233 κό-

268 1285 336 1355 ριδς
358 1272 413 1337 καί
434 1275 490 1338 οὐκ
529 1266 699 1355 ἅνθρωπος
712 1326 722 1355 ,
743 1277 799 1338 καί
819 1273 968 1358 καύχημα
992 1269 1193 1348 καίόπαινος
1217 1265 1291 1356 όλης
1311 1273 1368 1355 τῆς
1380 1287 1408 1340 10
1435 1333 1436 1352 ,

269 1376 468 1459 οἰκουμένης,
503 1378 558 1439 καί
580 1372 743 1461 εόμορφία
767 1366 849 1440 όλων
876 1377 940 1439 τεόν
968 1370 1140 1458 ἐκκλησιῶν
1160 1374 1214 1437 καί
1233 1373 1369 1458 μητέρα.

268 1474 322 1540 τόν
352 1472 461 1539 όποῖυν
480 1471 694 1560 περισκεπόση
726 1479 781 1540 καί
799 1478 960 1564 στερειόση
994 1477 1049 1538 καί
1068 1473 1199 1562 Ῐφυλόξη
1230 1469 1373 1558 όσωτὴρ

268 1573 359 1657 ἡμῶν
378 1573 394 1638 ό
412 1575 548 1650 δυνατός
570 1579 625 1639 καί
646 1576 785 1661 φοβερός
807 1577 924 1640 ἐκτῶν
945 1573 1068 1659 ὁρατῶν
1089 1573 1206 1638 τούτων
1226 1576 1367 1659 ἐχθροῖν,
1435 1581 1436 1642 ἰ

269 1677 304 1739 ε’κ
325 1673 454 1751 παντὸς.
475 1677 643 1759 ἐναντίου,
665 1676 725 1743 σόν
756 1679 842 1766 αὐτῷ
871 1679 916 1766 τῷ
938 1674 1172 1763 [παναγιωτὰτιρ
1195 1675 1285 1759 ἡμῶν
1308 1676 1368 1737 ου’-

269 1778 364 1864 θίντη
382 1778 436 1840 καί
457 1775 603 1864 δεσπότῃ,
623 1781 668 1864 τῷ
689 1780 892 1864 οἰκουμενικῷ
915 1773 1107 1862 πατριάρχη,
1127 1777 1171 1850 εἰς
1192 1775 1268 1851 τούς
1287 1775 1369 1838 oini-
1379 1785 1408 1836 15

186 1955 193 1966 ,
269 1900 325 1952 νας
342 1879 406 1964 ρῶν
426 1877 561 1943 αἰοόνιον.
603 1879 658 1942 καί
676 1883 832 1964 πληρωθῇ
854 1873 869 1941 ό
892 1883 979 1952 θεῖος
1002 1875 1090 1959 λόγος
1110 1873 1211 1941 αὐτοῦ
1233 1881 1291 1938 τοῦ
1313 1900 1369 1938 κυ-

269 1979 352 2058 ρίου,
374 1981 430 2042 τοῦ
450 1980 590 2053 εἰπόντος
620 1975 697 2061 πρός
730 1978 785 2042 τόν
814 1977 1068 2064 κορυφαιότατον
1097 1978 1160 2040 τῶν
1182 1975 1369 2040 ἀποστόλων

267 2073 329 2141 “σό
352 2071 386 2142 εἶ
403 2081 539 2164 Πέτρος,
563 2083 617 2143 καί
636 2081 691 2143 ἐπί
713 2077 813 2167 ταύτῃ
833 2083 871 2166 τῇ
894 2081 991 2168 πέτρη
1009 2074 1205 2160 οἰκοδομήσω
1226 2099 1292 2156 μου
1313 2073 1369 2159 τὴν

200 2177 204 2184 “
267 2172 456 2265 όκκλησιάν·
497 2178 552 2243 καί
573 2178 670 2244 πόλοι
692 2175 772 2268 ᾅδου
796 2183 835 2243 ου’
865 2178 1110 2262 κατισχύσουσιν
1130 2178 1262 2261 αόνῆς.”

269 2424 396 2485 argentea
412 2416 574 2469 caudelabra
588 2416 671 2470 hahet
688 2426 716 2469 et
732 2416 905 2487 splendorem
920 2424 1070 2469 iunctarum
1084 2417 1239 2484 imaginum,
1260 2420 1369 2471 univer·

268 2505 323 2539 eum
342 2488 463 2559 denique
481 2506 557 2540 ouum
575 2489 789 2553 conducentium,
809 2490 842 2541 de
861 2506 914 2560 qua
936 2489 1096 2539 meministis
1124 2488 1236 2541 anobis
1257 2489 1368 2553 dictum,

269 2576 329 2610 eam
348 2576 463 2623 omnem,
483 2568 539 2611 tum
557 2562 632 2612 intus
663 2570 719 2613 tum
739 2571 821 2624 entra,
843 2578 901 2613 erse
921 2561 981 2612 luce
1000 2559 1145 2631 splendore
1166 2568 1193 2611 et
1211 2562 1370 2631 pulchritu-

269 2631 334 2683 dine
354 2629 548 2683 admirabilem.
586 2650 634 2702 pro
653 2634 765 2684 caelesti
791 2650 854 2684 vero
881 2633 950 2684 solio
972 2632 1050 2682 illum
1070 2639 1211 2699 augustum
1230 2642 1259 2685 et
1276 2635 1370 2703 splen-

269 2702 438 2754 didissimum
457 2704 584 2755 thronum
604 2704 758 2772 patriarcha
779 2706 853 2767 fecit,
875 2706 974 2775 dequo
994 2703 1117 2754 diximus.
1155 2720 1186 2753 ac
1204 2705 1285 2756 sicuti
1310 2705 1372 2755 dei·
1436 2744 1437 2775 ,

225 2810 229 2827 .
267 2783 408 2843 tuseupru
427 2775 456 2825 in
475 2775 574 2827 throno
603 2776 714 2827 caelesti
734 2776 819 2839 sedet,
839 2777 876 2827 itu
906 2775 1087 2827 sanctissimus
1107 2783 1207 2836 noster,
1229 2778 1277 2846 qui
1300 2778 1370 2844 gerit
1436 2804 1437 2841 1

268 2847 412 2914 imaginem
434 2847 570 2900 recuudre
600 2848 628 2899 in
648 2848 673 2898 S.
693 2847 781 2899 triade
804 2856 952 2916 personne,
972 2846 1070 2897 Christi
1094 2842 1138 2895 dei
1157 2849 1254 2911 nostri,
1274 2848 1324 2899 sed
1344 2857 1372 2900 et

267 2918 312 2969 hic
329 2918 398 2969 infre
417 2919 445 2970 in
466 2935 516 2970 suo
536 2927 629 2970 sancto
648 2919 756 2971 throno.
779 2928 819 2970 est
839 2935 902 2970 vero
925 2926 952 2968 et
971 2918 1127 2988 uppeiiut'ur
1147 2917 1235 2987 iprum
1256 2937 1370 2988 magnae

235 3004 241 3011 ·
268 2989 398 3042 ecelesiae
432 2990 654 3042 Pammucurirtae
686 2991 818 3059 templum
850 2998 977 3041 terrestre
1008 2990 1111 3040 caelum
1139 3006 1265 3061 novoque
1294 2992 1371 3055 Sion,

268 3061 495 3131 quemdominus
519 3060 662 3125 condidit,
680 3079 737 3113 non
766 3062 865 3127 homo;
891 3069 919 3112 et
945 3060 1025 3113 decus
1053 3067 1095 3112 est
1125 3060 1266 3132 gloriaque
1285 3065 1371 3115 totius

268 3133 465 3194 orbioterrae,
498 3143 525 3185 et
544 3142 731 3186 oruamentum
753 3150 784 3183 ao
804 3142 889 3184 muter
917 3133 1099 3183 ecelesiarum.
1138 3133 1213 3201 quod
1236 3136 1371 3205 templum

268 3203 389 3273 undique
408 3206 548 3272 protegas
561 3204 650 3256 solide
673 3206 795 3256 stabiliat
813 3213 840 3255 et
859 3202 989 3256 defendat
1008 3213 1173 3275 praepotens
1191 3216 1219 3258 ot
1237 3207 1370 3257 terribilis
1436 3232 1437 3259 ;

268 3276 384 3325 salvator
403 3283 503 3337 noster,
522 3292 538 3324 a
556 3278 691 3344 corporeis
715 3278 774 3327 istis
804 3276 920 3326 inimicis
942 3283 969 3327 et
996 3277 1068 3326 omni
1088 3276 1241 3329 adversaria
1260 3278 1296 3341 vi,
1318 3296 1371 3327 uua

270 3362 329 3395 cum
354 3345 524 3396 sanctissimo
552 3345 662 3397 domino
689 3356 801 3409 nostro,
828 3346 980 3413 patriarcha
1001 3350 1194 3412 oecumenico,
1213 3351 1241 3399 in
1263 3349 1370 3400 infinito

270 3416 384 3471 soeculo.
422 3426 519 3468 eventu
543 3415 588 3467 hic
606 3418 797 3486 comprobetur
814 3417 933 3470 divinum
954 3418 1058 3471 domini
1078 3420 1112 3470 ud
1131 3421 1281 3489 principem
1302 3436 1371 3490 apo-

270 3488 400 3539 stotorum
411 3487 512 3542 dictum
528 3496 577 3540 “tu
598 3506 625 3540 ee
639 3490 741 3550 Petrus,
764 3497 791 3539 et
811 3506 891 3559 super
913 3488 982 3541 hano
995 3498 1099 3561 petram
1113 3491 1262 3544 aedificabo
1282 3508 1370 3543 meam

271 3560 425 3626 ecciesiam3
444 3577 494 3612 nec
513 3569 608 3630 portae
622 3560 770 3612 inferorum
790 3561 922 3614 valebunt
940 3561 1065 3614 adversus
1083 3564 1168 3615 eenr.''

666 3789 976 3803 Μ
