<?xml version="1.0" encoding="UTF-8"?>
<!DOCTYPE html PUBLIC "-//W3C//DTD XHTML 1.0 Transitional//EN"
    "http://www.w3.org/TR/xhtml1/DTD/xhtml1-transitional.dtd">
<html xmlns="http://www.w3.org/1999/xhtml" xml:lang="en" lang="en">
 <head>
  <title>
</title>
<meta http-equiv="Content-Type" content="text/html;charset=utf-8" />
  <meta name='ocr-system' content='tesseract 3.04.00' />
  <meta name='ocr-capabilities' content='ocr_page ocr_carea ocr_par ocr_line ocrx_word'/>
</head>
<body>
  <div class='ocr_page' id='page_1' title='image "./historiapolitic01bekkgoog_0118.png"; bbox 0 0 2884 4775; ppageno 0'>
   <div class='ocr_carea' id='block_1_1' title="bbox 263 210 910 289">
    <p class='ocr_par' dir='ltr' id='par_1_1' title="bbox 263 210 910 289">
     <span class='ocr_line' id='line_1_1' title="bbox 263 210 910 289; baseline -0.02 -2"><span class='ocrx_word' id='word_1_1' title='bbox 263 220 333 289; x_wconf 88' lang='lat'>108</span> <span class='ocrx_word' id='word_1_2' title='bbox 713 210 910 278; x_wconf 73' lang='lat' dir='ltr'>HISTORIA</span> 
     </span>
    </p>
   </div>
   <div class='ocr_carea' id='block_1_2' title="bbox 216 349 1434 2636">
    <p class='ocr_par' dir='ltr' id='par_1_2' title="bbox 216 349 1434 2636">
     <span class='ocr_line' id='line_1_2' title="bbox 262 349 1434 450; baseline -0.02 -13"><span class='ocrx_word' id='word_1_3' title='bbox 262 396 335 446; x_wconf 88' lang='grc' dir='ltr'><strong><em>νσυς</em></strong></span> <span class='ocrx_word' id='word_1_4' title='bbox 357 363 436 436; x_wconf 72' lang='lat' dir='ltr'>duaci</span> <span class='ocrx_word' id='word_1_5' title='bbox 459 366 677 450; x_wconf 77' lang='grc' dir='ltr'><em>πατριάρχης·</em></span> <span class='ocrx_word' id='word_1_6' title='bbox 734 358 806 447; x_wconf 77' lang='grc' dir='ltr'><strong><em>ἦτον</em></strong></span> <span class='ocrx_word' id='word_1_7' title='bbox 828 366 863 426; x_wconf 78' lang='grc' dir='ltr'>δὲ</span> <span class='ocrx_word' id='word_1_8' title='bbox 885 362 904 443; x_wconf 81' lang='grc' dir='ltr'><em>ἦ</em></span> <span class='ocrx_word' id='word_1_9' title='bbox 928 362 1063 443; x_wconf 72' lang='grc' dir='ltr'><strong><em>πατρίδα</em></strong></span> <span class='ocrx_word' id='word_1_10' title='bbox 1087 358 1186 421; x_wconf 63' lang='grc' dir='ltr'><strong><em>αὐτοῦ</em></strong></span> <span class='ocrx_word' id='word_1_11' title='bbox 1207 354 1268 418; x_wconf 79' lang='lat' dir='ltr'>dari</span> <span class='ocrx_word' id='word_1_12' title='bbox 1294 349 1354 433; x_wconf 67' lang='grc' dir='ltr'><strong><em>τὴν</em></strong></span> <span class='ocrx_word' id='word_1_13' title='bbox 1433 358 1434 433; x_wconf 49' lang='grc' dir='ltr'>ᾖ</span> 
     </span>
     <span class='ocr_line' id='line_1_3' title="bbox 262 440 1434 552; baseline -0.02 -15"><span class='ocrx_word' id='word_1_14' title='bbox 262 470 507 552; x_wconf 83' lang='grc' dir='ltr'><strong><em>Πελοπόννησον</em></strong></span> <span class='ocrx_word' id='word_1_15' title='bbox 534 459 630 549; x_wconf 76' lang='grc' dir='ltr'><strong><em>ἤγουν</em></strong></span> <span class='ocrx_word' id='word_1_16' title='bbox 656 464 724 528; x_wconf 79' lang='lat' dir='ltr'>&#39;eino</span> <span class='ocrx_word' id='word_1_17' title='bbox 750 462 802 527; x_wconf 86' lang='grc' dir='ltr'><strong><em>τὸν</em></strong></span> <span class='ocrx_word' id='word_1_18' title='bbox 825 464 1001 543; x_wconf 83' lang='grc' dir='ltr'><strong><em>Μορσιάν,</em></strong></span> <span class='ocrx_word' id='word_1_19' title='bbox 1023 463 1076 522; x_wconf 81' lang='grc' dir='ltr'><strong><em>καί</em></strong></span> <span class='ocrx_word' id='word_1_20' title='bbox 1105 451 1201 541; x_wconf 75' lang='grc' dir='ltr'><strong><em>ἢλθεν</em></strong></span> <span class='ocrx_word' id='word_1_21' title='bbox 1223 457 1286 519; x_wconf 79' lang='grc' dir='ltr'>ἑδῶ</span> <span class='ocrx_word' id='word_1_22' title='bbox 1310 454 1356 527; x_wconf 84' lang='grc' dir='ltr'>εἰς</span> <span class='ocrx_word' id='word_1_23' title='bbox 1433 440 1434 457; x_wconf 39' lang='lat'>¹</span> 
     </span>
     <span class='ocr_line' id='line_1_4' title="bbox 263 551 1357 651; baseline -0.017 -16"><span class='ocrx_word' id='word_1_24' title='bbox 263 569 320 651; x_wconf 70' lang='grc' dir='ltr'><strong><em>τήν</em></strong></span> <span class='ocrx_word' id='word_1_25' title='bbox 339 560 671 635; x_wconf 81' lang='grc' dir='ltr'><strong><em>Κωνσταντινούπσλιν</em></strong></span> <span class='ocrx_word' id='word_1_26' title='bbox 689 551 805 646; x_wconf 78' lang='grc' dir='ltr'><strong><em>μικρὸν</em></strong></span> <span class='ocrx_word' id='word_1_27' title='bbox 825 560 925 645; x_wconf 72' lang='grc' dir='ltr'><strong><em>παιδί,</em></strong></span> <span class='ocrx_word' id='word_1_28' title='bbox 946 560 1001 623; x_wconf 82' lang='grc' dir='ltr'>καί</span> <span class='ocrx_word' id='word_1_29' title='bbox 1021 552 1096 641; x_wconf 75' lang='grc' dir='ltr'><strong><em>ἦτον</em></strong></span> <span class='ocrx_word' id='word_1_30' title='bbox 1118 559 1163 631; x_wconf 85' lang='grc' dir='ltr'>εἰς</span> <span class='ocrx_word' id='word_1_31' title='bbox 1183 556 1239 636; x_wconf 73' lang='grc' dir='ltr'><strong><em>τὴν</em></strong></span> <span class='ocrx_word' id='word_1_32' title='bbox 1258 551 1357 635; x_wconf 72' lang='grc' dir='ltr'><strong><em>μονὴν</em></strong></span> 
     </span>
     <span class='ocr_line' id='line_1_5' title="bbox 264 642 1357 748; baseline -0.017 -17"><span class='ocrx_word' id='word_1_33' title='bbox 264 671 327 731; x_wconf 75' lang='grc' dir='ltr'><strong><em>ταῖν</em></strong></span> <span class='ocrx_word' id='word_1_34' title='bbox 347 666 551 748; x_wconf 72' lang='grc' dir='ltr'><strong><em>Μανγάνισν,</em></strong></span> <span class='ocrx_word' id='word_1_35' title='bbox 581 666 636 727; x_wconf 77' lang='grc' dir='ltr'>καί</span> <span class='ocrx_word' id='word_1_36' title='bbox 656 661 755 744; x_wconf 80' lang='grc' dir='ltr'><strong><em>ἔγινεν</em></strong></span> <span class='ocrx_word' id='word_1_37' title='bbox 776 642 984 731; x_wconf 62' lang='grc' dir='ltr'><strong><em>ὖπστακτιιιὸς</em></strong></span> <span class='ocrx_word' id='word_1_38' title='bbox 1017 656 1117 738; x_wconf 80' lang='grc' dir='ltr'><strong><em>ιιυροῦ</em></strong></span> <span class='ocrx_word' id='word_1_39' title='bbox 1138 652 1278 733; x_wconf 72' lang='grc' dir='ltr'><strong><em>Μάρκου</em></strong></span> <span class='ocrx_word' id='word_1_40' title='bbox 1300 656 1357 715; x_wconf 83' lang='grc' dir='ltr'>τοῦ</span> 
     </span>
     <span class='ocr_line' id='line_1_6' title="bbox 264 752 1382 848; baseline -0.018 -17"><span class='ocrx_word' id='word_1_41' title='bbox 264 766 444 848; x_wconf 75' lang='grc' dir='ltr'><strong><em>Ειῖγενικοῦ,</em></strong></span> <span class='ocrx_word' id='word_1_42' title='bbox 467 765 547 845; x_wconf 78' lang='grc' dir='ltr'><strong><em>λέγω</em></strong></span> <span class='ocrx_word' id='word_1_43' title='bbox 569 766 625 827; x_wconf 76' lang='grc' dir='ltr'>τοῦ</span> <span class='ocrx_word' id='word_1_44' title='bbox 645 764 788 847; x_wconf 83' lang='grc' dir='ltr'><strong><em>Ἐφέσου.</em></strong></span> <span class='ocrx_word' id='word_1_45' title='bbox 832 758 887 823; x_wconf 73' lang='grc' dir='ltr'><strong><em>καί</em></strong></span> <span class='ocrx_word' id='word_1_46' title='bbox 907 756 1002 831; x_wconf 77' lang='grc' dir='ltr'><strong><em>αὐτὸς</em></strong></span> <span class='ocrx_word' id='word_1_47' title='bbox 1021 752 1075 820; x_wconf 79' lang='grc' dir='ltr'><strong><em>τὸν</em></strong></span> <span class='ocrx_word' id='word_1_48' title='bbox 1096 753 1281 834; x_wconf 76' lang='grc' dir='ltr'><strong><em>οἶνάθρεψε,</em></strong></span> <span class='ocrx_word' id='word_1_49' title='bbox 1304 752 1359 813; x_wconf 86' lang='grc' dir='ltr'>ιιαί</span> <span class='ocrx_word' id='word_1_50' title='bbox 1367 761 1382 811; x_wconf 85' lang='grc'>5</span> 
     </span>
     <span class='ocr_line' id='line_1_7' title="bbox 265 848 1359 951; baseline -0.017 -20"><span class='ocrx_word' id='word_1_51' title='bbox 265 864 319 931; x_wconf 73' lang='grc' dir='ltr'><strong><em>τὸν</em></strong></span> <span class='ocrx_word' id='word_1_52' title='bbox 341 864 442 945; x_wconf 79' lang='grc' dir='ltr'><strong><em>ἔμαθε</em></strong></span> <span class='ocrx_word' id='word_1_53' title='bbox 462 867 518 927; x_wconf 77' lang='lat' dir='ltr'>uni</span> <span class='ocrx_word' id='word_1_54' title='bbox 537 862 577 951; x_wconf 74' lang='grc' dir='ltr'>τὰ</span> <span class='ocrx_word' id='word_1_55' title='bbox 610 859 681 944; x_wconf 65' lang='lat' dir='ltr'>ispa*</span> <span class='ocrx_word' id='word_1_56' title='bbox 713 860 901 942; x_wconf 77' lang='grc' dir='ltr'><strong><em>γράμματα,</em></strong></span> <span class='ocrx_word' id='word_1_57' title='bbox 935 860 991 921; x_wconf 73' lang='grc' dir='ltr'>κατ’</span> <span class='ocrx_word' id='word_1_58' title='bbox 1008 853 1062 919; x_wconf 85' lang='grc' dir='ltr'><strong><em>τὸν</em></strong></span> <span class='ocrx_word' id='word_1_59' title='bbox 1082 856 1206 931; x_wconf 76' lang='grc' dir='ltr'><em>ἐδίδαξε</em></span> <span class='ocrx_word' id='word_1_60' title='bbox 1228 854 1282 916; x_wconf 80' lang='grc' dir='ltr'>κατ’</span> <span class='ocrx_word' id='word_1_61' title='bbox 1302 848 1359 932; x_wconf 78' lang='grc' dir='ltr'><strong><em>τήν</em></strong></span> 
     </span>
     <span class='ocr_line' id='line_1_8' title="bbox 264 950 1359 1047; baseline -0.016 -18"><span class='ocrx_word' id='word_1_62' title='bbox 264 962 457 1047; x_wconf 76' lang='grc' dir='ltr'><strong><em>μσναστικῆν</em></strong></span> <span class='ocrx_word' id='word_1_63' title='bbox 486 963 643 1028; x_wconf 79' lang='grc' dir='ltr'><strong><em>πολιτείαν</em></strong></span> <span class='ocrx_word' id='word_1_64' title='bbox 664 965 720 1044; x_wconf 85' lang='grc' dir='ltr'>τῆς</span> <span class='ocrx_word' id='word_1_65' title='bbox 740 962 957 1041; x_wconf 73' lang='grc' dir='ltr'><strong><em>καλογερικῆς,</em></strong></span> <span class='ocrx_word' id='word_1_66' title='bbox 982 957 1037 1019; x_wconf 86' lang='grc' dir='ltr'><strong><em>καί</em></strong></span> <span class='ocrx_word' id='word_1_67' title='bbox 1066 952 1122 1018; x_wconf 81' lang='grc' dir='ltr'><strong><em>τὸν</em></strong></span> <span class='ocrx_word' id='word_1_68' title='bbox 1143 950 1359 1035; x_wconf 76' lang='grc' dir='ltr'><em>ἐχειροτόνησε</em></span> 
     </span>
     <span class='ocr_line' id='line_1_9' title="bbox 266 1047 1359 1147; baseline -0.014 -19"><span class='ocrx_word' id='word_1_69' title='bbox 266 1062 375 1128; x_wconf 71' lang='lat' dir='ltr'>deduce</span> <span class='ocrx_word' id='word_1_70' title='bbox 396 1066 452 1127; x_wconf 80' lang='grc' dir='ltr'><strong><em>καί</em></strong></span> <span class='ocrx_word' id='word_1_71' title='bbox 470 1061 591 1147; x_wconf 77' lang='grc' dir='ltr'><em>ἱερέαν·</em></span> <span class='ocrx_word' id='word_1_72' title='bbox 634 1062 690 1125; x_wconf 76' lang='lat' dir='ltr'>nai</span> <span class='ocrx_word' id='word_1_73' title='bbox 708 1052 780 1145; x_wconf 77' lang='grc' dir='ltr'><strong><em>ἦτον</em></strong></span> <span class='ocrx_word' id='word_1_74' title='bbox 801 1060 868 1139; x_wconf 84' lang='grc' dir='ltr'><strong><em>μετ’</em></strong></span> <span class='ocrx_word' id='word_1_75' title='bbox 892 1060 994 1121; x_wconf 80' lang='grc' dir='ltr'><strong><em>ου’τοῦ</em></strong></span> <span class='ocrx_word' id='word_1_76' title='bbox 1019 1053 1078 1130; x_wconf 73' lang='grc' dir='ltr'>ἕως</span> <span class='ocrx_word' id='word_1_77' title='bbox 1101 1047 1174 1137; x_wconf 80' lang='grc' dir='ltr'>ὅλης</span> <span class='ocrx_word' id='word_1_78' title='bbox 1198 1058 1255 1135; x_wconf 80' lang='grc' dir='ltr'>τῆς</span> <span class='ocrx_word' id='word_1_79' title='bbox 1279 1051 1359 1133; x_wconf 78' lang='grc' dir='ltr'><em>ζωῆς</em></span> 
     </span>
     <span class='ocr_line' id='line_1_10' title="bbox 268 1148 1359 1245; baseline -0.013 -18"><span class='ocrx_word' id='word_1_80' title='bbox 268 1164 384 1243; x_wconf 67' lang='grc' dir='ltr'><strong><em>αὐτοῦ,</em></strong></span> <span class='ocrx_word' id='word_1_81' title='bbox 405 1166 465 1227; x_wconf 76' lang='grc' dir='ltr'>τοῦ</span> <span class='ocrx_word' id='word_1_82' title='bbox 483 1166 635 1245; x_wconf 79' lang='grc' dir='ltr'><strong><em>γέροντος,</em></strong></span> <span class='ocrx_word' id='word_1_83' title='bbox 669 1160 773 1223; x_wconf 72' lang='grc' dir='ltr'><strong><em>αὐτοῦ</em></strong></span> <span class='ocrx_word' id='word_1_84' title='bbox 803 1160 861 1222; x_wconf 77' lang='grc' dir='ltr'>τοῦ</span> <span class='ocrx_word' id='word_1_85' title='bbox 887 1157 1029 1243; x_wconf 79' lang='grc' dir='ltr'><strong><em>Ἐφέσου.</em></strong></span> <span class='ocrx_word' id='word_1_86' title='bbox 1081 1155 1136 1217; x_wconf 75' lang='grc' dir='ltr'>καὶ</span> <span class='ocrx_word' id='word_1_87' title='bbox 1155 1148 1230 1217; x_wconf 73' lang='grc' dir='ltr'><strong><em>ὅταν</em></strong></span> <span class='ocrx_word' id='word_1_88' title='bbox 1249 1150 1359 1215; x_wconf 80' lang='grc' dir='ltr'><strong><em>ἐπολέ-</em></strong></span> 
     </span>
     <span class='ocr_line' id='line_1_11' title="bbox 268 1249 1402 1347; baseline -0.013 -22"><span class='ocrx_word' id='word_1_89' title='bbox 268 1286 349 1346; x_wconf 77' lang='grc' dir='ltr'><strong><em>μησε</em></strong></span> <span class='ocrx_word' id='word_1_90' title='bbox 370 1261 486 1347; x_wconf 75' lang='grc' dir='ltr'><strong><em>ταύτην</em></strong></span> <span class='ocrx_word' id='word_1_91' title='bbox 505 1261 563 1345; x_wconf 68' lang='grc' dir='ltr'><strong><em>τὴν</em></strong></span> <span class='ocrx_word' id='word_1_92' title='bbox 579 1258 914 1327; x_wconf 80' lang='grc' dir='ltr'><strong><em>Κωνσταντινσύπσλιν</em></strong></span> <span class='ocrx_word' id='word_1_93' title='bbox 935 1255 952 1319; x_wconf 81' lang='grc' dir='ltr'>ὅ</span> <span class='ocrx_word' id='word_1_94' title='bbox 975 1251 1073 1330; x_wconf 87' lang='grc' dir='ltr'><strong><em>ου’τός</em></strong></span> <span class='ocrx_word' id='word_1_95' title='bbox 1085 1251 1253 1326; x_wconf 85' lang='grc' dir='ltr'><strong><em>σουλτοὶνος</em></strong></span> <span class='ocrx_word' id='word_1_96' title='bbox 1276 1249 1358 1313; x_wconf 74' lang='lat' dir='ltr'>duod</span> <span class='ocrx_word' id='word_1_97' title='bbox 1370 1269 1402 1320; x_wconf 85' lang='lat'>10</span> 
     </span>
     <span class='ocr_line' id='line_1_12' title="bbox 269 1349 1434 1444; baseline -0.013 -20"><span class='ocrx_word' id='word_1_98' title='bbox 269 1359 328 1441; x_wconf 69' lang='grc' dir='ltr'><strong><em>τήν</em></strong></span> <span class='ocrx_word' id='word_1_99' title='bbox 349 1362 464 1444; x_wconf 79' lang='grc' dir='ltr'><strong><em>ἐπῆρε,</em></strong></span> <span class='ocrx_word' id='word_1_100' title='bbox 495 1357 615 1444; x_wconf 70' lang='grc' dir='ltr'><strong><em>εὑρέθη</em></strong></span> <span class='ocrx_word' id='word_1_101' title='bbox 642 1361 707 1424; x_wconf 87' lang='grc' dir='ltr'><strong><em>τότε</em></strong></span> <span class='ocrx_word' id='word_1_102' title='bbox 738 1360 796 1421; x_wconf 84' lang='grc' dir='ltr'><em>καί</em></span> <span class='ocrx_word' id='word_1_103' title='bbox 816 1355 832 1419; x_wconf 78' lang='grc' dir='ltr'><em>ὃ</em></span> <span class='ocrx_word' id='word_1_104' title='bbox 854 1353 951 1431; x_wconf 72' lang='grc' dir='ltr'><strong><em>αὐτὸς</em></strong></span> <span class='ocrx_word' id='word_1_105' title='bbox 982 1352 1072 1436; x_wconf 70' lang='lat' dir='ltr'>adpre</span> <span class='ocrx_word' id='word_1_106' title='bbox 1092 1349 1261 1425; x_wconf 73' lang='grc' dir='ltr'><strong><em>Διονύσιος</em></strong></span> <span class='ocrx_word' id='word_1_107' title='bbox 1278 1351 1358 1429; x_wconf 68' lang='lat' dir='ltr'>too,</span> <span class='ocrx_word' id='word_1_108' title='bbox 1433 1394 1434 1403; x_wconf 31' lang='lat'>³</span> 
     </span>
     <span class='ocr_line' id='line_1_13' title="bbox 268 1447 1361 1546; baseline -0.012 -23"><span class='ocrx_word' id='word_1_109' title='bbox 268 1459 326 1523; x_wconf 80' lang='grc' dir='ltr'><strong><em>καί</em></strong></span> <span class='ocrx_word' id='word_1_110' title='bbox 344 1462 465 1543; x_wconf 78' lang='grc' dir='ltr'><strong><em>ἐπῆραν</em></strong></span> <span class='ocrx_word' id='word_1_111' title='bbox 486 1458 581 1524; x_wconf 73' lang='grc' dir='ltr'><strong><em>αὐτὸν</em></strong></span> <span class='ocrx_word' id='word_1_112' title='bbox 602 1456 804 1546; x_wconf 79' lang='grc' dir='ltr'><strong><em>αἰχμάλωτον</em></strong></span> <span class='ocrx_word' id='word_1_113' title='bbox 824 1453 902 1536; x_wconf 79' lang='grc' dir='ltr'><strong><em>μετὰ</em></strong></span> <span class='ocrx_word' id='word_1_114' title='bbox 924 1456 978 1517; x_wconf 76' lang='grc' dir='ltr'><strong><em>κατ’</em></strong></span> <span class='ocrx_word' id='word_1_115' title='bbox 1003 1447 1107 1517; x_wconf 74' lang='grc' dir='ltr'><strong><em>ἄλλων</em></strong></span> <span class='ocrx_word' id='word_1_116' title='bbox 1130 1452 1252 1513; x_wconf 77' lang='grc' dir='ltr'><strong><em>πολλῶν</em></strong></span> <span class='ocrx_word' id='word_1_117' title='bbox 1275 1452 1361 1532; x_wconf 79' lang='grc' dir='ltr'><strong><em>Χρι-</em></strong></span> 
     </span>
     <span class='ocr_line' id='line_1_14' title="bbox 271 1549 1363 1641; baseline -0.009 -18"><span class='ocrx_word' id='word_1_118' title='bbox 271 1560 423 1641; x_wconf 75' lang='grc' dir='ltr'><strong><em>στιαναῖν,</em></strong></span> <span class='ocrx_word' id='word_1_119' title='bbox 456 1557 582 1641; x_wconf 78' lang='grc' dir='ltr'><strong><em>α’νδροῑν</em></strong></span> <span class='ocrx_word' id='word_1_120' title='bbox 612 1560 667 1621; x_wconf 78' lang='lat' dir='ltr'>nai</span> <span class='ocrx_word' id='word_1_121' title='bbox 695 1558 852 1640; x_wconf 80' lang='grc' dir='ltr'><strong><em>γυναικῶν</em></strong></span> <span class='ocrx_word' id='word_1_122' title='bbox 886 1559 941 1619; x_wconf 86' lang='grc' dir='ltr'><strong><em>καί</em></strong></span> <span class='ocrx_word' id='word_1_123' title='bbox 972 1556 1115 1617; x_wconf 80' lang='grc' dir='ltr'><strong><em>παιδιίον.</em></strong></span> <span class='ocrx_word' id='word_1_124' title='bbox 1165 1549 1305 1632; x_wconf 75' lang='lat' dir='ltr'>olysipona</span> <span class='ocrx_word' id='word_1_125' title='bbox 1326 1551 1363 1613; x_wconf 81' lang='grc' dir='ltr'>δὲ</span> 
     </span>
     <span class='ocr_line' id='line_1_15' title="bbox 262 1643 1363 1743; baseline -0.015 -20"><span class='ocrx_word' id='word_1_126' title='bbox 262 1659 378 1743; x_wconf 71' lang='grc' dir='ltr'><strong><em>αυτόν,</em></strong></span> <span class='ocrx_word' id='word_1_127' title='bbox 398 1657 451 1724; x_wconf 86' lang='grc' dir='ltr'><strong><em>τὸν</em></strong></span> <span class='ocrx_word' id='word_1_128' title='bbox 469 1658 560 1741; x_wconf 76' lang='grc' dir='ltr'><strong><em>κόριν</em></strong></span> <span class='ocrx_word' id='word_1_129' title='bbox 578 1653 753 1739; x_wconf 74' lang='grc' dir='ltr'><strong><em>Διονύσιον,</em></strong></span> <span class='ocrx_word' id='word_1_130' title='bbox 772 1658 817 1729; x_wconf 85' lang='grc' dir='ltr'>εἰς</span> <span class='ocrx_word' id='word_1_131' title='bbox 839 1658 897 1738; x_wconf 78' lang='grc' dir='ltr'><strong><em>τῆν</em></strong></span> <span class='ocrx_word' id='word_1_132' title='bbox 924 1648 1187 1734; x_wconf 76' lang='grc' dir='ltr'><strong><em>Ἀδριανσύπολιν</em></strong></span> <span class='ocrx_word' id='word_1_133' title='bbox 1206 1648 1278 1723; x_wconf 77' lang='grc' dir='ltr'><strong><em>ἕνας</em></strong></span> <span class='ocrx_word' id='word_1_134' title='bbox 1302 1643 1363 1731; x_wconf 82' lang='lat' dir='ltr'>o&#39;ip.</span> 
     </span>
     <span class='ocr_line' id='line_1_16' title="bbox 273 1746 1404 1839; baseline -0.007 -20"><span class='ocrx_word' id='word_1_135' title='bbox 273 1782 340 1837; x_wconf 86' lang='grc' dir='ltr'><strong><em>χων</em></strong></span> <span class='ocrx_word' id='word_1_136' title='bbox 362 1758 493 1835; x_wconf 82' lang='grc' dir='ltr'><strong><em>σ’νόματι</em></strong></span> <span class='ocrx_word' id='word_1_137' title='bbox 516 1756 700 1839; x_wconf 73' lang='grc' dir='ltr'><strong><em>Κυρίτζης,</em></strong></span> <span class='ocrx_word' id='word_1_138' title='bbox 728 1756 783 1816; x_wconf 83' lang='grc' dir='ltr'><strong><em>καί</em></strong></span> <span class='ocrx_word' id='word_1_139' title='bbox 809 1753 864 1816; x_wconf 84' lang='grc' dir='ltr'><strong><em>τὸν</em></strong></span> <span class='ocrx_word' id='word_1_140' title='bbox 893 1753 1100 1835; x_wconf 74' lang='grc' dir='ltr'><strong><em>ἐλευθέροισι.</em></strong></span> <span class='ocrx_word' id='word_1_141' title='bbox 1143 1750 1198 1811; x_wconf 80' lang='grc' dir='ltr'>καί</span> <span class='ocrx_word' id='word_1_142' title='bbox 1221 1746 1283 1811; x_wconf 71' lang='lat' dir='ltr'>elno¹</span> <span class='ocrx_word' id='word_1_143' title='bbox 1308 1746 1404 1829; x_wconf 74' lang='grc' dir='ltr'><strong><em>τὴν15</em></strong></span> 
     </span>
     <span class='ocr_line' id='line_1_17' title="bbox 273 1844 1365 1937; baseline -0.008 -20"><span class='ocrx_word' id='word_1_144' title='bbox 273 1854 371 1937; x_wconf 66' lang='grc' dir='ltr'><strong><em>καλὴν</em></strong></span> <span class='ocrx_word' id='word_1_145' title='bbox 391 1852 507 1937; x_wconf 74' lang='grc' dir='ltr'><strong><em>α’ρετὴν</em></strong></span> <span class='ocrx_word' id='word_1_146' title='bbox 529 1853 608 1916; x_wconf 80' lang='grc' dir='ltr'><strong><em>ὀποῦ</em></strong></span> <span class='ocrx_word' id='word_1_147' title='bbox 629 1847 714 1935; x_wconf 83' lang='grc' dir='ltr'><strong><em>εἶχεν</em></strong></span> <span class='ocrx_word' id='word_1_148' title='bbox 734 1850 750 1914; x_wconf 82' lang='grc' dir='ltr'>ὁ</span> <span class='ocrx_word' id='word_1_149' title='bbox 771 1850 865 1927; x_wconf 81' lang='grc' dir='ltr'><strong><em>ου’τός</em></strong></span> <span class='ocrx_word' id='word_1_150' title='bbox 895 1851 983 1933; x_wconf 77' lang='grc' dir='ltr'><em>κὺρις</em></span> <span class='ocrx_word' id='word_1_151' title='bbox 1004 1849 1181 1923; x_wconf 77' lang='grc' dir='ltr'><strong><em>Διονύσιος,</em></strong></span> <span class='ocrx_word' id='word_1_152' title='bbox 1203 1844 1284 1929; x_wconf 71' lang='lat' dir='ltr'>fyens</span> <span class='ocrx_word' id='word_1_153' title='bbox 1305 1870 1365 1931; x_wconf 86' lang='grc' dir='ltr'>μη-</span> 
     </span>
     <span class='ocr_line' id='line_1_18' title="bbox 274 1944 1366 2039; baseline -0.008 -22"><span class='ocrx_word' id='word_1_154' title='bbox 274 1951 762 2039; x_wconf 77' lang='grc' dir='ltr'><strong><em>τροπολίτηςΦιλιππσυπόλειος,</em></strong></span> <span class='ocrx_word' id='word_1_155' title='bbox 781 1950 1015 2035; x_wconf 71' lang='grc' dir='ltr'><strong><em>χειροτονηθεὶς</em></strong></span> <span class='ocrx_word' id='word_1_156' title='bbox 1034 1945 1120 2031; x_wconf 79' lang='grc' dir='ltr'><strong><em>παρὰ</em></strong></span> <span class='ocrx_word' id='word_1_157' title='bbox 1141 1950 1196 2011; x_wconf 80' lang='grc' dir='ltr'>τοῦ</span> <span class='ocrx_word' id='word_1_158' title='bbox 1209 1944 1366 2029; x_wconf 78' lang='grc' dir='ltr'><strong><em>πατριάρ-</em></strong></span> 
     </span>
     <span class='ocr_line' id='line_1_19' title="bbox 216 2042 1368 2135; baseline -0.004 -21"><span class='ocrx_word' id='word_1_159' title='bbox 216 2076 267 2128; x_wconf 74' lang='lat'>128</span> <span class='ocrx_word' id='word_1_160' title='bbox 274 2077 334 2135; x_wconf 79' lang='grc' dir='ltr'><strong><em>χον</em></strong></span> <span class='ocrx_word' id='word_1_161' title='bbox 362 2055 552 2134; x_wconf 82' lang='grc' dir='ltr'><strong><em>Σχσλαρίου.</em></strong></span> <span class='ocrx_word' id='word_1_162' title='bbox 610 2047 679 2118; x_wconf 85' lang='grc' dir='ltr'><strong><em>εἶτα</em></strong></span> <span class='ocrx_word' id='word_1_163' title='bbox 709 2050 765 2115; x_wconf 69' lang='grc' dir='ltr'><strong><em>κατ’</em></strong></span> <span class='ocrx_word' id='word_1_164' title='bbox 796 2047 991 2134; x_wconf 82' lang='grc' dir='ltr'><em>πατριάρχης</em></span> <span class='ocrx_word' id='word_1_165' title='bbox 1020 2050 1152 2131; x_wconf 80' lang='grc' dir='ltr'><strong><em>ἐγένετο.</em></strong></span> <span class='ocrx_word' id='word_1_166' title='bbox 1204 2042 1368 2110; x_wconf 70' lang='lat' dir='ltr'>noi-oola</span> 
     </span>
     <span class='ocr_line' id='line_1_20' title="bbox 276 2146 1366 2235; baseline -0.006 -20"><span class='ocrx_word' id='word_1_167' title='bbox 276 2146 351 2234; x_wconf 80' lang='grc' dir='ltr'><strong><em>ἦτον</em></strong></span> <span class='ocrx_word' id='word_1_168' title='bbox 369 2155 415 2227; x_wconf 81' lang='grc' dir='ltr'>εἰς</span> <span class='ocrx_word' id='word_1_169' title='bbox 433 2152 490 2216; x_wconf 80' lang='grc' dir='ltr'><strong><em>τὸν</em></strong></span> <span class='ocrx_word' id='word_1_170' title='bbox 509 2149 739 2235; x_wconf 84' lang='grc' dir='ltr'><strong><em>πατριαρχικόν</em></strong></span> <span class='ocrx_word' id='word_1_171' title='bbox 760 2150 885 2235; x_wconf 77' lang='grc' dir='ltr'><strong><em>θρόνον,</em></strong></span> <span class='ocrx_word' id='word_1_172' title='bbox 907 2148 924 2212; x_wconf 83' lang='lat' dir='ltr'>o‘</span> <span class='ocrx_word' id='word_1_173' title='bbox 945 2149 1063 2231; x_wconf 76' lang='grc' dir='ltr'><strong><em>ἐχθρὸς</em></strong></span> <span class='ocrx_word' id='word_1_174' title='bbox 1078 2150 1132 2212; x_wconf 81' lang='grc' dir='ltr'><strong><em>καί</em></strong></span> <span class='ocrx_word' id='word_1_175' title='bbox 1145 2152 1292 2228; x_wconf 81' lang='grc' dir='ltr'><strong><em>πολέμιος</em></strong></span> <span class='ocrx_word' id='word_1_176' title='bbox 1304 2147 1366 2210; x_wconf 71' lang='grc' dir='ltr'><strong><em>τοῖν</em></strong></span> 
     </span>
     <span class='ocr_line' id='line_1_21' title="bbox 276 2241 1407 2335; baseline -0.01 -18"><span class='ocrx_word' id='word_1_177' title='bbox 276 2254 490 2332; x_wconf 73' lang='grc' dir='ltr'><strong><em>Χριστιανῶν,</em></strong></span> <span class='ocrx_word' id='word_1_178' title='bbox 510 2256 590 2333; x_wconf 81' lang='grc' dir='ltr'><strong><em>λέγω</em></strong></span> <span class='ocrx_word' id='word_1_179' title='bbox 611 2247 627 2313; x_wconf 80' lang='grc' dir='ltr'>ὁ</span> <span class='ocrx_word' id='word_1_180' title='bbox 648 2247 805 2331; x_wconf 78' lang='grc' dir='ltr'><strong><em>διάβολος,</em></strong></span> <span class='ocrx_word' id='word_1_181' title='bbox 829 2248 987 2335; x_wconf 75' lang='grc' dir='ltr'><strong><em>ἐφθόνησε</em></strong></span> <span class='ocrx_word' id='word_1_182' title='bbox 1010 2247 1067 2330; x_wconf 68' lang='grc' dir='ltr'><strong><em>τὴν</em></strong></span> <span class='ocrx_word' id='word_1_183' title='bbox 1090 2244 1216 2331; x_wconf 75' lang='grc' dir='ltr'><strong><em>εἰρήνην</em></strong></span> <span class='ocrx_word' id='word_1_184' title='bbox 1235 2247 1290 2308; x_wconf 85' lang='grc' dir='ltr'>ιιαί</span> <span class='ocrx_word' id='word_1_185' title='bbox 1309 2241 1407 2325; x_wconf 60' lang='lat' dir='ltr'>rivet)</span> 
     </span>
     <span class='ocr_line' id='line_1_22' title="bbox 277 2342 1433 2433; baseline -0.008 -18"><span class='ocrx_word' id='word_1_186' title='bbox 277 2349 466 2415; x_wconf 81' lang='grc' dir='ltr'><strong><em>κατάστασιν</em></strong></span> <span class='ocrx_word' id='word_1_187' title='bbox 492 2350 573 2414; x_wconf 78' lang='grc' dir='ltr'><strong><em>ὀποῦ</em></strong></span> <span class='ocrx_word' id='word_1_188' title='bbox 601 2344 725 2433; x_wconf 77' lang='grc' dir='ltr'><strong><em>εἶχενῆ</em></strong></span> <span class='ocrx_word' id='word_1_189' title='bbox 756 2348 978 2433; x_wconf 73' lang='grc' dir='ltr'><strong><em>ἑκκλησίατοῦ</em></strong></span> <span class='ocrx_word' id='word_1_190' title='bbox 999 2349 1163 2430; x_wconf 76' lang='grc' dir='ltr'><strong><em>Χριστοῦ,</em></strong></span> <span class='ocrx_word' id='word_1_191' title='bbox 1198 2348 1252 2411; x_wconf 86' lang='grc' dir='ltr'>ιιαί</span> <span class='ocrx_word' id='word_1_192' title='bbox 1273 2342 1367 2428; x_wconf 75' lang='grc' dir='ltr'><strong><em>ἔβαλε</em></strong></span> <span class='ocrx_word' id='word_1_193' title='bbox 1432 2407 1433 2422; x_wconf 16' lang='grc' dir='ltr'><strong>ἶ</strong></span> 
     </span>
     <span class='ocr_line' id='line_1_23' title="bbox 277 2441 1370 2531; baseline -0.006 -19"><span class='ocrx_word' id='word_1_194' title='bbox 277 2448 335 2513; x_wconf 73' lang='grc' dir='ltr'>καὶ</span> <span class='ocrx_word' id='word_1_195' title='bbox 362 2446 489 2531; x_wconf 78' lang='grc' dir='ltr'><strong><em>ἔσπειρε</em></strong></span> <span class='ocrx_word' id='word_1_196' title='bbox 519 2449 643 2528; x_wconf 77' lang='grc' dir='ltr'><strong><em>ζιζάνια</em></strong></span> <span class='ocrx_word' id='word_1_197' title='bbox 677 2453 732 2513; x_wconf 78' lang='grc' dir='ltr'>καί</span> <span class='ocrx_word' id='word_1_198' title='bbox 752 2447 913 2514; x_wconf 71' lang='grc' dir='ltr'><strong><em>σκάνδαλα</em></strong></span> <span class='ocrx_word' id='word_1_199' title='bbox 941 2450 986 2522; x_wconf 81' lang='grc' dir='ltr'>εἰς</span> <span class='ocrx_word' id='word_1_200' title='bbox 1007 2446 1080 2522; x_wconf 80' lang='grc' dir='ltr'>τούς</span> <span class='ocrx_word' id='word_1_201' title='bbox 1099 2444 1280 2529; x_wconf 79' lang='grc' dir='ltr'><strong><em>κληρικούς,</em></strong></span> <span class='ocrx_word' id='word_1_202' title='bbox 1315 2441 1370 2506; x_wconf 80' lang='grc' dir='ltr'><strong><em>καί</em></strong></span> 
     </span>
     <span class='ocr_line' id='line_1_24' title="bbox 266 2543 1367 2636; baseline -0.009 -22"><span class='ocrx_word' id='word_1_203' title='bbox 266 2549 513 2636; x_wconf 78' lang='grc' dir='ltr'><strong><em>,ἐσυκοφάντουν</em></strong></span> <span class='ocrx_word' id='word_1_204' title='bbox 533 2550 587 2613; x_wconf 86' lang='grc' dir='ltr'><strong><em>τὸν</em></strong></span> <span class='ocrx_word' id='word_1_205' title='bbox 608 2547 707 2615; x_wconf 80' lang='grc' dir='ltr'><strong><em>ου’τὸν</em></strong></span> <span class='ocrx_word' id='word_1_206' title='bbox 729 2546 926 2636; x_wconf 76' lang='grc' dir='ltr'><strong><em>πατριάρχην</em></strong></span> <span class='ocrx_word' id='word_1_207' title='bbox 947 2545 995 2612; x_wconf 80' lang='grc' dir='ltr'>ὅτι</span> <span class='ocrx_word' id='word_1_208' title='bbox 1012 2543 1082 2611; x_wconf 80' lang='grc' dir='ltr'><strong><em>ἔναι</em></strong></span> <span class='ocrx_word' id='word_1_209' title='bbox 1104 2546 1367 2630; x_wconf 75' lang='grc' dir='ltr'><strong><em>περιτετμημένος</em></strong></span> 
     </span>
    </p>
   </div>
   <div class='ocr_carea' id='block_1_3' title="bbox 279 2804 1430 4148">
    <p class='ocr_par' dir='ltr' id='par_1_3' title="bbox 279 2804 1430 4180">
     <span class='ocr_line' id='line_1_25' title="bbox 279 2804 1368 2876; baseline -0.004 -19"><span class='ocrx_word' id='word_1_210' title='bbox 279 2806 343 2873; x_wconf 81' lang='lat' dir='ltr'>egit.</span> <span class='ocrx_word' id='word_1_211' title='bbox 382 2815 439 2858; x_wconf 86' lang='lat' dir='ltr'>erat</span> <span class='ocrx_word' id='word_1_212' title='bbox 465 2808 549 2875; x_wconf 88' lang='lat' dir='ltr'>patria</span> <span class='ocrx_word' id='word_1_213' title='bbox 574 2807 630 2858; x_wconf 88' lang='lat' dir='ltr'>eius</span> <span class='ocrx_word' id='word_1_214' title='bbox 663 2807 918 2876; x_wconf 78' lang='lat' dir='ltr'>in‘Peloponneso,</span> <span class='ocrx_word' id='word_1_215' title='bbox 943 2823 1012 2876; x_wconf 84' lang='lat' dir='ltr'>quae</span> <span class='ocrx_word' id='word_1_216' title='bbox 1039 2821 1111 2856; x_wconf 89' lang='lat' dir='ltr'>nunc</span> <span class='ocrx_word' id='word_1_217' title='bbox 1130 2805 1238 2856; x_wconf 90' lang='lat' dir='ltr'>Moraea</span> <span class='ocrx_word' id='word_1_218' title='bbox 1257 2804 1368 2868; x_wconf 71' lang='lat' dir='ltr'>dicitur,</span> 
     </span>
     <span class='ocr_line' id='line_1_26' title="bbox 280 2876 1368 2947; baseline -0.004 -20"><span class='ocrx_word' id='word_1_219' title='bbox 280 2884 423 2946; x_wconf 81' lang='lat' dir='ltr'>aetateque</span> <span class='ocrx_word' id='word_1_220' title='bbox 441 2880 570 2944; x_wconf 86' lang='lat' dir='ltr'>puerulus</span> <span class='ocrx_word' id='word_1_221' title='bbox 589 2879 642 2928; x_wconf 90' lang='lat' dir='ltr'>huc</span> <span class='ocrx_word' id='word_1_222' title='bbox 662 2876 761 2947; x_wconf 86' lang='lat' dir='ltr'>Gpolin</span> <span class='ocrx_word' id='word_1_223' title='bbox 775 2886 884 2929; x_wconf 84' lang='lat' dir='ltr'>venerat</span> <span class='ocrx_word' id='word_1_224' title='bbox 903 2885 931 2927; x_wconf 91' lang='lat' dir='ltr'>et</span> <span class='ocrx_word' id='word_1_225' title='bbox 950 2879 979 2927; x_wconf 91' lang='lat' dir='ltr'>in</span> <span class='ocrx_word' id='word_1_226' title='bbox 993 2877 1185 2944; x_wconf 84' lang='lat' dir='ltr'>Manganorum</span> <span class='ocrx_word' id='word_1_227' title='bbox 1204 2877 1368 2926; x_wconf 89' lang='lat' dir='ltr'>monasterio</span> 
     </span>
     <span class='ocr_line' id='line_1_27' title="bbox 279 2945 1367 3018; baseline -0.006 -18"><span class='ocrx_word' id='word_1_228' title='bbox 279 2949 390 3000; x_wconf 77' lang='lat' dir='ltr'>viserat.</span> <span class='ocrx_word' id='word_1_229' title='bbox 425 2949 464 2998; x_wconf 92' lang='lat' dir='ltr'>ibi</span> <span class='ocrx_word' id='word_1_230' title='bbox 485 2950 575 3000; x_wconf 83' lang='lat' dir='ltr'>Marco</span> <span class='ocrx_word' id='word_1_231' title='bbox 596 2950 731 3015; x_wconf 81' lang='lat' dir='ltr'>Eugenico</span> <span class='ocrx_word' id='word_1_232' title='bbox 751 2950 850 3018; x_wconf 78' lang='lat' dir='ltr'>Ephesi</span> <span class='ocrx_word' id='word_1_233' title='bbox 874 2947 1063 3016; x_wconf 80' lang='lat' dir='ltr'><strong>metropolitae</strong></span> <span class='ocrx_word' id='word_1_234' title='bbox 1084 2965 1111 2998; x_wconf 88' lang='lat' dir='ltr'>se</span> <span class='ocrx_word' id='word_1_235' title='bbox 1135 2945 1293 2997; x_wconf 82' lang='lat' dir='ltr'>subdiderat</span> <span class='ocrx_word' id='word_1_236' title='bbox 1316 2947 1367 2996; x_wconf 88' lang='lat' dir='ltr'>mi·</span> 
     </span>
     <span class='ocr_line' id='line_1_28' title="bbox 279 3018 1370 3089; baseline -0.004 -19"><span class='ocrx_word' id='word_1_237' title='bbox 279 3020 410 3084; x_wconf 80' lang='lat' dir='ltr'>nistrunr3</span> <span class='ocrx_word' id='word_1_238' title='bbox 431 3022 479 3089; x_wconf 88' lang='lat' dir='ltr'>qui</span> <span class='ocrx_word' id='word_1_239' title='bbox 502 3021 526 3070; x_wconf 88' lang='lat' dir='ltr'>ei</span> <span class='ocrx_word' id='word_1_240' title='bbox 541 3022 641 3071; x_wconf 89' lang='lat' dir='ltr'>victum</span> <span class='ocrx_word' id='word_1_241' title='bbox 660 3020 793 3089; x_wconf 89' lang='lat' dir='ltr'>praebens</span> <span class='ocrx_word' id='word_1_242' title='bbox 812 3022 838 3068; x_wconf 93' lang='lat' dir='ltr'>in</span> <span class='ocrx_word' id='word_1_243' title='bbox 857 3021 937 3069; x_wconf 87' lang='lat' dir='ltr'>sacris</span> <span class='ocrx_word' id='word_1_244' title='bbox 963 3020 1043 3070; x_wconf 83' lang='lat' dir='ltr'>etiarn</span> <span class='ocrx_word' id='word_1_245' title='bbox 1063 3019 1148 3069; x_wconf 87' lang='lat' dir='ltr'>literis</span> <span class='ocrx_word' id='word_1_246' title='bbox 1167 3018 1323 3077; x_wconf 72' lang='lat' dir='ltr'>instituerat</span> <span class='ocrx_word' id='word_1_247' title='bbox 1344 3025 1370 3066; x_wconf 87' lang='lat' dir='ltr'>et</span> 
     </span>
     <span class='ocr_line' id='line_1_29' title="bbox 281 3088 1369 3158; baseline -0.004 -18"><span class='ocrx_word' id='word_1_248' title='bbox 281 3089 316 3140; x_wconf 85' lang='lat' dir='ltr'>ad</span> <span class='ocrx_word' id='word_1_249' title='bbox 333 3106 452 3141; x_wconf 85' lang='lat' dir='ltr'>severam</span> <span class='ocrx_word' id='word_1_250' title='bbox 471 3091 635 3142; x_wconf 72' lang='lat' dir='ltr'>monasticae</span> <span class='ocrx_word' id='word_1_251' title='bbox 652 3095 723 3142; x_wconf 91' lang='lat' dir='ltr'>vitae</span> <span class='ocrx_word' id='word_1_252' title='bbox 744 3092 896 3158; x_wconf 84' lang='lat' dir='ltr'>gravitatem</span> <span class='ocrx_word' id='word_1_253' title='bbox 916 3090 1107 3142; x_wconf 81' lang='lat' dir='ltr'>informaverat</span> <span class='ocrx_word' id='word_1_254' title='bbox 1124 3088 1323 3156; x_wconf 87' lang='lat' dir='ltr'>diaconumque</span> <span class='ocrx_word' id='word_1_255' title='bbox 1343 3095 1369 3136; x_wconf 91' lang='lat' dir='ltr'>et</span> 
     </span>
     <span class='ocr_line' id='line_1_30' title="bbox 280 3157 1368 3230; baseline -0.004 -19"><span class='ocrx_word' id='word_1_256' title='bbox 280 3162 466 3230; x_wconf 87' lang='lat' dir='ltr'>presbyterum</span> <span class='ocrx_word' id='word_1_257' title='bbox 490 3161 669 3215; x_wconf 80' lang='lat' dir='ltr'>ordinaverat.</span> <span class='ocrx_word' id='word_1_258' title='bbox 715 3168 931 3229; x_wconf 79' lang='lat' dir='ltr'>perseveraverat</span> <span class='ocrx_word' id='word_1_259' title='bbox 960 3162 1052 3229; x_wconf 80' lang='lat' dir='ltr'>itaque</span> <span class='ocrx_word' id='word_1_260' title='bbox 1083 3176 1141 3210; x_wconf 89' lang='lat' dir='ltr'>curn</span> <span class='ocrx_word' id='word_1_261' title='bbox 1171 3157 1221 3208; x_wconf 88' lang='lat' dir='ltr'>hoc</span> <span class='ocrx_word' id='word_1_262' title='bbox 1249 3157 1368 3226; x_wconf 81' lang='lat' dir='ltr'>Ephesio</span> 
     </span>
     <span class='ocr_line' id='line_1_31' title="bbox 284 3227 1372 3284; baseline -0.005 -2"><span class='ocrx_word' id='word_1_263' title='bbox 284 3248 349 3282; x_wconf 85' lang='lat' dir='ltr'>sene</span> <span class='ocrx_word' id='word_1_264' title='bbox 366 3232 401 3280; x_wconf 88' lang='lat' dir='ltr'>ad</span> <span class='ocrx_word' id='word_1_265' title='bbox 421 3247 512 3281; x_wconf 86' lang='lat' dir='ltr'>omncs</span> <span class='ocrx_word' id='word_1_266' title='bbox 535 3231 593 3282; x_wconf 89' lang='lat' dir='ltr'>dies</span> <span class='ocrx_word' id='word_1_267' title='bbox 616 3234 688 3283; x_wconf 74' lang='lat' dir='ltr'>sitae</span> <span class='ocrx_word' id='word_1_268' title='bbox 706 3234 773 3284; x_wconf 88' lang='lat' dir='ltr'>eius.</span> <span class='ocrx_word' id='word_1_269' title='bbox 819 3232 928 3283; x_wconf 86' lang='lat' dir='ltr'>obsessa</span> <span class='ocrx_word' id='word_1_270' title='bbox 949 3231 1048 3282; x_wconf 88' lang='lat' dir='ltr'>deinde</span> <span class='ocrx_word' id='word_1_271' title='bbox 1072 3247 1088 3279; x_wconf 91' lang='lat' dir='ltr'>a</span> <span class='ocrx_word' id='word_1_272' title='bbox 1106 3232 1214 3280; x_wconf 88' lang='lat' dir='ltr'>sultano</span> <span class='ocrx_word' id='word_1_273' title='bbox 1235 3230 1300 3279; x_wconf 86' lang='lat' dir='ltr'>urbe</span> <span class='ocrx_word' id='word_1_274' title='bbox 1321 3227 1372 3277; x_wconf 93' lang='lat' dir='ltr'>fuit</span> 
     </span>
     <span class='ocr_line' id='line_1_32' title="bbox 284 3298 1372 3371; baseline -0.003 -20"><span class='ocrx_word' id='word_1_275' title='bbox 284 3300 455 3352; x_wconf 86' lang='lat' dir='ltr'>intusetiam</span> <span class='ocrx_word' id='word_1_276' title='bbox 473 3302 616 3366; x_wconf 85' lang='lat' dir='ltr'>Dionysius</span> <span class='ocrx_word' id='word_1_277' title='bbox 636 3302 694 3367; x_wconf 74' lang='lat' dir='ltr'>tric,</span> <span class='ocrx_word' id='word_1_278' title='bbox 725 3311 753 3354; x_wconf 85' lang='lat' dir='ltr'>et</span> <span class='ocrx_word' id='word_1_279' title='bbox 770 3310 921 3371; x_wconf 82' lang='lat' dir='ltr'>expugnata</span> <span class='ocrx_word' id='word_1_280' title='bbox 948 3311 1041 3370; x_wconf 87' lang='lat' dir='ltr'>captus</span> <span class='ocrx_word' id='word_1_281' title='bbox 1058 3310 1100 3351; x_wconf 89' lang='lat' dir='ltr'>est</span> <span class='ocrx_word' id='word_1_282' title='bbox 1122 3317 1180 3350; x_wconf 87' lang='lat' dir='ltr'>curn</span> <span class='ocrx_word' id='word_1_283' title='bbox 1197 3298 1258 3349; x_wconf 88' lang='lat' dir='ltr'>aliis</span> <span class='ocrx_word' id='word_1_284' title='bbox 1280 3299 1372 3348; x_wconf 89' lang='lat' dir='ltr'>multis</span> 
     </span>
     <span class='ocr_line' id='line_1_33' title="bbox 286 3370 1373 3441; baseline -0.004 -19"><span class='ocrx_word' id='word_1_285' title='bbox 286 3371 458 3431; x_wconf 85' lang='lat' dir='ltr'>Christianis,</span> <span class='ocrx_word' id='word_1_286' title='bbox 485 3372 548 3422; x_wconf 86' lang='lat' dir='ltr'>viris</span> <span class='ocrx_word' id='word_1_287' title='bbox 570 3372 675 3423; x_wconf 88' lang='lat' dir='ltr'>feminis</span> <span class='ocrx_word' id='word_1_288' title='bbox 699 3382 727 3422; x_wconf 90' lang='lat' dir='ltr'>et</span> <span class='ocrx_word' id='word_1_289' title='bbox 754 3374 853 3441; x_wconf 87' lang='lat' dir='ltr'>pueris·</span> <span class='ocrx_word' id='word_1_290' title='bbox 885 3371 1038 3424; x_wconf 76' lang='lat' dir='ltr'>&#39;abductum</span> <span class='ocrx_word' id='word_1_291' title='bbox 1067 3379 1156 3422; x_wconf 87' lang='lat' dir='ltr'>autem</span> <span class='ocrx_word' id='word_1_292' title='bbox 1175 3370 1373 3438; x_wconf 81' lang='lat' dir='ltr'>Adrianopolin</span> 
     </span>
     <span class='ocr_line' id='line_1_34' title="bbox 286 3440 1373 3510; baseline -0.003 -18"><span class='ocrx_word' id='word_1_293' title='bbox 286 3441 352 3492; x_wconf 85' lang='lat' dir='ltr'>emit</span> <span class='ocrx_word' id='word_1_294' title='bbox 372 3442 411 3490; x_wconf 92' lang='lat' dir='ltr'>vir</span> <span class='ocrx_word' id='word_1_295' title='bbox 429 3440 539 3510; x_wconf 86' lang='lat' dir='ltr'>qnidam</span> <span class='ocrx_word' id='word_1_296' title='bbox 559 3443 698 3508; x_wconf 87' lang='lat' dir='ltr'>primarius</span> <span class='ocrx_word' id='word_1_297' title='bbox 716 3444 825 3494; x_wconf 88' lang='lat' dir='ltr'>nornine</span> <span class='ocrx_word' id='word_1_298' title='bbox 844 3443 957 3507; x_wconf 80' lang='lat' dir='ltr'>Cyritza,</span> <span class='ocrx_word' id='word_1_299' title='bbox 982 3451 1010 3494; x_wconf 87' lang='lat' dir='ltr'>et</span> <span class='ocrx_word' id='word_1_300' title='bbox 1029 3443 1057 3492; x_wconf 92' lang='lat' dir='ltr'>in</span> <span class='ocrx_word' id='word_1_301' title='bbox 1076 3442 1229 3492; x_wconf 85' lang='lat' dir='ltr'>libertatem</span> <span class='ocrx_word' id='word_1_302' title='bbox 1249 3441 1373 3490; x_wconf 86' lang='lat' dir='ltr'>vindica-</span> 
     </span>
     <span class='ocr_line' id='line_1_35' title="bbox 286 3510 1374 3581; baseline -0.001 -19"><span class='ocrx_word' id='word_1_303' title='bbox 286 3511 334 3562; x_wconf 86' lang='lat' dir='ltr'>vit.</span> <span class='ocrx_word' id='word_1_304' title='bbox 371 3527 403 3561; x_wconf 77' lang='lat' dir='ltr'>aa</span> <span class='ocrx_word' id='word_1_305' title='bbox 421 3511 519 3565; x_wconf 78' lang='lat' dir='ltr'>deinde</span> <span class='ocrx_word' id='word_1_306' title='bbox 536 3512 635 3563; x_wconf 81' lang='lat' dir='ltr'>virtute</span> <span class='ocrx_word' id='word_1_307' title='bbox 652 3514 796 3579; x_wconf 85' lang='lat' dir='ltr'>Dionysius</span> <span class='ocrx_word' id='word_1_308' title='bbox 827 3513 927 3565; x_wconf 88' lang='lat' dir='ltr'>enituit</span> <span class='ocrx_word' id='word_1_309' title='bbox 945 3521 975 3563; x_wconf 89' lang='lat' dir='ltr'>ut</span> <span class='ocrx_word' id='word_1_310' title='bbox 999 3513 1173 3581; x_wconf 85' lang='lat' dir='ltr'>metropolita</span> <span class='ocrx_word' id='word_1_311' title='bbox 1192 3510 1374 3579; x_wconf 90' lang='lat' dir='ltr'>Philippopo-</span> 
     </span>
     <span class='ocr_line' id='line_1_36' title="bbox 288 3581 1373 3652; baseline -0.002 -20"><span class='ocrx_word' id='word_1_312' title='bbox 288 3582 347 3632; x_wconf 82' lang='lat' dir='ltr'>leos</span> <span class='ocrx_word' id='word_1_313' title='bbox 367 3582 453 3633; x_wconf 89' lang='lat' dir='ltr'>factus</span> <span class='ocrx_word' id='word_1_314' title='bbox 484 3583 533 3644; x_wconf 83' lang='lat' dir='ltr'>ait,</span> <span class='ocrx_word' id='word_1_315' title='bbox 552 3598 567 3632; x_wconf 88' lang='lat' dir='ltr'>a</span> <span class='ocrx_word' id='word_1_316' title='bbox 586 3582 733 3652; x_wconf 87' lang='lat' dir='ltr'>patriarcha</span> <span class='ocrx_word' id='word_1_317' title='bbox 758 3583 896 3634; x_wconf 86' lang='lat' dir='ltr'>Scholario</span> <span class='ocrx_word' id='word_1_318' title='bbox 919 3583 1076 3634; x_wconf 86' lang='lat' dir='ltr'>declaratus.</span> <span class='ocrx_word' id='word_1_319' title='bbox 1113 3581 1220 3633; x_wconf 87' lang='lat' dir='ltr'>tandem</span> <span class='ocrx_word' id='word_1_320' title='bbox 1239 3581 1373 3632; x_wconf 87' lang='lat' dir='ltr'>illustrem</span> 
     </span>
     <span class='ocr_line' id='line_1_37' title="bbox 290 3652 1373 3723; baseline -0.001 -21"><span class='ocrx_word' id='word_1_321' title='bbox 290 3668 400 3721; x_wconf 86' lang='lat' dir='ltr'>quoque</span> <span class='ocrx_word' id='word_1_322' title='bbox 418 3652 585 3722; x_wconf 82' lang='lat' dir='ltr'>patriarchae</span> <span class='ocrx_word' id='word_1_323' title='bbox 603 3653 712 3721; x_wconf 82' lang='lat' dir='ltr'>gradum</span> <span class='ocrx_word' id='word_1_324' title='bbox 733 3663 889 3706; x_wconf 85' lang='lat' dir='ltr'>consecutus</span> <span class='ocrx_word' id='word_1_325' title='bbox 909 3663 957 3706; x_wconf 85' lang='lat' dir='ltr'>est.</span> <span class='ocrx_word' id='word_1_326' title='bbox 995 3661 1137 3723; x_wconf 79' lang='lat' dir='ltr'>postquam</span> <span class='ocrx_word' id='word_1_327' title='bbox 1154 3652 1205 3702; x_wconf 87' lang='lat' dir='ltr'>hoc</span> <span class='ocrx_word' id='word_1_328' title='bbox 1224 3653 1306 3702; x_wconf 88' lang='lat' dir='ltr'>modo</span> <span class='ocrx_word' id='word_1_329' title='bbox 1327 3669 1373 3720; x_wconf 87' lang='lat' dir='ltr'>pn-</span> 
     </span>
     <span class='ocr_line' id='line_1_38' title="bbox 288 3721 1377 3792; baseline -0.003 -18"><span class='ocrx_word' id='word_1_330' title='bbox 288 3721 459 3774; x_wconf 88' lang='lat' dir='ltr'>triarchicum</span> <span class='ocrx_word' id='word_1_331' title='bbox 481 3724 600 3775; x_wconf 85' lang='lat' dir='ltr'>obtinuit</span> <span class='ocrx_word' id='word_1_332' title='bbox 617 3725 753 3786; x_wconf 89' lang='lat' dir='ltr'>thronum,</span> <span class='ocrx_word' id='word_1_333' title='bbox 772 3743 830 3775; x_wconf 86' lang='lat' dir='ltr'>com</span> <span class='ocrx_word' id='word_1_334' title='bbox 851 3727 919 3776; x_wconf 91' lang='lat' dir='ltr'>nihil</span> <span class='ocrx_word' id='word_1_335' title='bbox 937 3734 988 3776; x_wconf 89' lang='lat' dir='ltr'>tarn</span> <span class='ocrx_word' id='word_1_336' title='bbox 1001 3725 1138 3792; x_wconf 87' lang='lat' dir='ltr'>prodesset</span> <span class='ocrx_word' id='word_1_337' title='bbox 1157 3721 1377 3773; x_wconf 82' lang='lat' dir='ltr'>ecclesiaeClrri-</span> 
     </span>
     <span class='ocr_line' id='line_1_39' title="bbox 289 3793 1376 3864; baseline -0.002 -20"><span class='ocrx_word' id='word_1_338' title='bbox 289 3794 324 3844; x_wconf 88' lang='lat' dir='ltr'>sti</span> <span class='ocrx_word' id='word_1_339' title='bbox 342 3810 422 3862; x_wconf 85' lang='lat' dir='ltr'>quam</span> <span class='ocrx_word' id='word_1_340' title='bbox 441 3811 492 3862; x_wconf 83' lang='lat' dir='ltr'>pax</span> <span class='ocrx_word' id='word_1_341' title='bbox 519 3803 547 3846; x_wconf 89' lang='lat' dir='ltr'>et</span> <span class='ocrx_word' id='word_1_342' title='bbox 566 3797 728 3864; x_wconf 84' lang='lat' dir='ltr'>tranquillus</span> <span class='ocrx_word' id='word_1_343' title='bbox 749 3812 834 3845; x_wconf 86' lang='lat' dir='ltr'>rerum</span> <span class='ocrx_word' id='word_1_344' title='bbox 853 3805 946 3858; x_wconf 88' lang='lat' dir='ltr'>status,</span> <span class='ocrx_word' id='word_1_345' title='bbox 974 3812 1035 3846; x_wconf 86' lang='lat' dir='ltr'>ecce</span> <span class='ocrx_word' id='word_1_346' title='bbox 1054 3796 1179 3845; x_wconf 89' lang='lat' dir='ltr'>inimicus</span> <span class='ocrx_word' id='word_1_347' title='bbox 1199 3793 1310 3843; x_wconf 85' lang='lat' dir='ltr'>humani</span> <span class='ocrx_word' id='word_1_348' title='bbox 1329 3811 1376 3858; x_wconf 80' lang='lat' dir='ltr'>ge-</span> 
     </span>
     <span class='ocr_line' id='line_1_40' title="bbox 288 3864 1377 3932; baseline -0.003 -18"><span class='ocrx_word' id='word_1_349' title='bbox 288 3866 360 3914; x_wconf 85' lang='lat' dir='ltr'>neris</span> <span class='ocrx_word' id='word_1_350' title='bbox 379 3873 406 3916; x_wconf 89' lang='lat' dir='ltr'>ct</span> <span class='ocrx_word' id='word_1_351' title='bbox 434 3865 648 3916; x_wconf 85' lang='lat' dir='ltr'>irreconciabilis</span> <span class='ocrx_word' id='word_1_352' title='bbox 677 3864 762 3916; x_wconf 87' lang='lat' dir='ltr'>hostis</span> <span class='ocrx_word' id='word_1_353' title='bbox 789 3865 1002 3918; x_wconf 83' lang='lat' dir='ltr'>Christianorum</span> <span class='ocrx_word' id='word_1_354' title='bbox 1028 3883 1085 3916; x_wconf 92' lang='lat' dir='ltr'>eam</span> <span class='ocrx_word' id='word_1_355' title='bbox 1109 3865 1276 3925; x_wconf 77' lang='lat' dir='ltr'>felicitatem,</span> <span class='ocrx_word' id='word_1_356' title='bbox 1295 3881 1377 3932; x_wconf 86' lang='lat' dir='ltr'>qoam</span> 
     </span>
     <span class='ocr_line' id='line_1_41' title="bbox 288 3935 1430 3998; baseline -0.003 -13"><span class='ocrx_word' id='word_1_357' title='bbox 288 3942 354 3985; x_wconf 88' lang='lat' dir='ltr'>tunc</span> <span class='ocrx_word' id='word_1_358' title='bbox 371 3936 484 3988; x_wconf 87' lang='lat' dir='ltr'>ccclesia</span> <span class='ocrx_word' id='word_1_359' title='bbox 512 3936 646 3998; x_wconf 83' lang='lat' dir='ltr'>habehat,</span> <span class='ocrx_word' id='word_1_360' title='bbox 671 3936 695 3987; x_wconf 91' lang='lat' dir='ltr'>ei</span> <span class='ocrx_word' id='word_1_361' title='bbox 714 3936 829 3997; x_wconf 88' lang='lat' dir='ltr'>invidit,</span> <span class='ocrx_word' id='word_1_362' title='bbox 855 3938 1001 3989; x_wconf 87' lang='lat' dir='ltr'>immittens</span> <span class='ocrx_word' id='word_1_363' title='bbox 1028 3945 1055 3988; x_wconf 89' lang='lat' dir='ltr'>et</span> <span class='ocrx_word' id='word_1_364' title='bbox 1083 3935 1259 3986; x_wconf 83' lang='lat' dir='ltr'>disseminans</span> <span class='ocrx_word' id='word_1_365' title='bbox 1280 3935 1378 3983; x_wconf 75' lang='lat' dir='ltr'>infelix</span> <span class='ocrx_word' id='word_1_366' title='bbox 1429 3937 1430 3996; x_wconf 64' lang='lat' dir='ltr'>t</span> 
     </span>
     <span class='ocr_line' id='line_1_42' title="bbox 289 4004 1378 4076; baseline 0 -22"><span class='ocrx_word' id='word_1_367' title='bbox 289 4004 383 4056; x_wconf 92' lang='lat' dir='ltr'>lolium</span> <span class='ocrx_word' id='word_1_368' title='bbox 400 4015 428 4058; x_wconf 83' lang='lat' dir='ltr'>et</span> <span class='ocrx_word' id='word_1_369' title='bbox 444 4007 597 4058; x_wconf 82' lang='lat' dir='ltr'>offensionis</span> <span class='ocrx_word' id='word_1_370' title='bbox 615 4008 695 4076; x_wconf 88' lang='lat' dir='ltr'>plena</span> <span class='ocrx_word' id='word_1_371' title='bbox 713 4005 777 4056; x_wconf 86' lang='lat' dir='ltr'>odia</span> <span class='ocrx_word' id='word_1_372' title='bbox 795 4009 823 4057; x_wconf 91' lang='lat' dir='ltr'>in</span> <span class='ocrx_word' id='word_1_373' title='bbox 841 4007 996 4059; x_wconf 88' lang='lat' dir='ltr'>clericorum</span> <span class='ocrx_word' id='word_1_374' title='bbox 1025 4009 1137 4068; x_wconf 86' lang='lat' dir='ltr'>animos,</span> <span class='ocrx_word' id='word_1_375' title='bbox 1158 4006 1378 4074; x_wconf 73' lang='lat' dir='ltr'>utimprobissi·</span> 
     </span>
     <span class='ocr_line' id='line_1_43' title="bbox 288 4076 1379 4148; baseline -0.001 -21"><span class='ocrx_word' id='word_1_376' title='bbox 288 4092 358 4128; x_wconf 88' lang='lat' dir='ltr'>mam</span> <span class='ocrx_word' id='word_1_377' title='bbox 377 4076 411 4130; x_wconf 87' lang='lat' dir='ltr'>de</span> <span class='ocrx_word' id='word_1_378' title='bbox 428 4078 580 4147; x_wconf 86' lang='lat' dir='ltr'>patriarcha</span> <span class='ocrx_word' id='word_1_379' title='bbox 599 4078 760 4130; x_wconf 84' lang='lat' dir='ltr'>calumniam</span> <span class='ocrx_word' id='word_1_380' title='bbox 781 4095 905 4148; x_wconf 78' lang='lat' dir='ltr'>spargere</span> <span class='ocrx_word' id='word_1_381' title='bbox 923 4097 979 4132; x_wconf 89' lang='lat' dir='ltr'>non</span> <span class='ocrx_word' id='word_1_382' title='bbox 998 4078 1161 4139; x_wconf 87' lang='lat' dir='ltr'>dubitarent,</span> <span class='ocrx_word' id='word_1_383' title='bbox 1184 4077 1275 4147; x_wconf 88' lang='lat' dir='ltr'>ipsum</span> <span class='ocrx_word' id='word_1_384' title='bbox 1297 4077 1379 4127; x_wconf 83' lang='lat' dir='ltr'>fuisse</span> 
     </span>
    </p>
   </div>
   <div class='ocr_carea' id='block_1_4' title="bbox 0 0 1472 4775">
    <p class='ocr_par' dir='ltr' id='par_1_4' title="bbox 0 0 1472 4775">
     <span class='ocr_line' id='line_1_44' title="bbox 0 0 1472 4775; baseline 0 0"><span class='ocrx_word' id='word_1_385' title='bbox 0 0 1472 4775; x_wconf 95' lang='lat' dir='ltr'> </span> 
     </span>
    </p>
   </div>
  </div>
 </body>
</html>
