2884 4775
193 234 197 242 “
255 218 330 290 216
636 224 692 286 DE
719 221 849 288 REBUS
878 219 986 288 uelut

345 378 484 450 Ἒλαθον
515 382 551 446 di
569 379 598 445 ai
624 378 853 457 Ἰωοννῖτοιτὸ
882 381 992 461 μεῖζον
1027 374 1124 442 κακὰν
1158 380 1204 454 εἰς
1224 371 1370 453 ἑαυτούς

254 481 484 564 ἐπισπώμενοι·
526 479 585 562 τὴν
614 477 675 563 γὰρ
703 481 849 544 δουλείαν
871 477 1044 566 φεύγοντες
1073 482 1137 542 τῶν
1165 477 1369 558 Ἀλβανιταῑν

256 589 381 670 μείζοσι
409 589 517 656 κακοῖς
544 577 679 654 ἑαυτούς
714 584 914 662 περιέβαλον.
968 577 1038 644 τότε
1070 577 1121 663 δη
1146 582 1290 660 πρέσβεις
1318 580 1371 650 είς

255 680 381 754 Βοδενύ
402 681 501 764 ’παρά
525 702 557 744 τε
591 682 648 744 τού
666 684 827 760 βασιλέως
856 682 911 744 καί
938 683 1001 746 τῶν
1025 681 1208 744 Ἰωαννιτῶν
1243 681 1369 758 ε’κπὲμ-
1438 689 1439 700 λ

256 809 368 850 πονται
388 784 503 866 (ἐκεῖσε
525 778 586 865 γὰρ
619 779 777 858 ὃΘωμιῖς
810 779 867 864 την
890 778 1010 863 οἴκησιν
1032 775 1135 864 εἶχε),
1170 781 1226 844 καί
1244 779 1396 861 γνωρί-5
1438 807 1439 856 7

246 891 365 970 Νζουσιν
380 883 466 972 αὕτη]
477 880 517 946 τύ
530 884 585 965 της
599 882 763 963 βασιλείας
782 875 916 946 ἅπαντα.
941 883 1068 964 δέχεται
1083 877 1140 962 την
1155 883 1332 962 πρεσβείαν
1350 878 1368 938 ὁ
1438 895 1439 960 j

262 988 393 1066 Θωμᾶς,
408 986 619 1050 ἐπακολουθεῖ
632 990 696 1055 τοῖς
710 985 861 1066 πρέσβεσι
878 978 1064 1066 προθύμως,
1085 979 1141 1046 καί
1151 976 1369 1060 καταλαμβά-

253 1110 300 1153 νει
323 1083 377 1170 την
408 1081 652 1166 πολυθρύλητον
678 1085 742 1154 τοῖν
769 1082 953 1150 Ἰοιαννίνοιν
980 1079 1069 1146 πύλιν
1098 1080 1158 1146 σύν
1179 1084 1218 1166 τῇ
1237 1081 1376 1160 εύσεβεῖ

253 1190 424 1273 βασιλίσσῃ
444 1184 607 1270 Ἀγγελικῇ
628 1186 668 1270 τῇ
685 1182 924 1272 Παλαιολομίνηι
944 1177 983 1270 τῇ
1000 1181 1114 1247 τούτου
1136 1175 1369 1266 εύμενεοτὰτη,
1438 1243 1439 1266 η

255 1287 344 1363 ἔτους
367 1285 565 1367 ὑπάρχοντος
583 1285 686 1363 6875,
708 1279 770 1346 οἷπύ
796 1285 831 1347 di
853 1284 997 1366 Χριστοῦ
1019 1283 1116 1362 1367,
1137 1280 1367 1362 συνεπαγόμε-
1379 1293 1412 1344 10
1438 1289 1439 1312 ³

198 1370 202 1377 x
254 1410 307 1463 νος
326 1391 402 1468 μεθ’
422 1381 538 1450 ἑαυτοῦ
559 1384 613 1446 καί
632 1381 818 1465 στράτευμα
840 1383 1064 1468 εύαρίθμητον.
1109 1385 1255 1465 δέχονται
1283 1381 1366 1446 τοῦ.
1438 1433 1439 1440 ,

254 1510 308 1550 τον
329 1482 358 1549 οἱ
374 1485 551 1549 Ἰωαννῖται
571 1484 701 1559 ὑπτίαις
721 1482 834 1566 χερσίν
853 1481 937 1560 ε’ντύς
959 1488 1013 1567 τῆς
1035 1481 1153 1558 πόλεως
1176 1482 1281 1545 ndns-iv
1303 1504 1366 1560 με·
1438 1507 1439 1526 ι

255 1585 294 1652 τοὶ
314 1588 469 1669 μεγίστοιν
488 1582 605 1668 κρὸτοον
629 1585 685 1648 καί
705 1586 883 1668 εὐφημιῶν.
904 1583 920 1650 ὃ
943 1582 1054 1668 δὲτὴν
1076 1585 1241 1668 α’λοιπεκῆν
1263 1579 1367 1648 ύπεν-

257 1685 316 1762 δύς
337 1682 483 1760 ύπούλως
505 1688 560 1748 καί
580 1687 718 1775 δολερῶς
738 1687 857 1759 πάντας
879 1687 925 1759 εἰς
947 1681 1063 1750 ἓουτύν
1085 1680 1295 1750 ἐπεσπάσατο.
1324 1686 1366 1746 ου’

256 1785 336 1852 πολύ
358 1784 394 1850 τύ
415 1790 448 1851 ἐν
468 1790 566 1874 μέσηι,
586 1784 641 1849 καί
651 1785 715 1869 την
732 1785 897 1870 ἀλωπεκῆν
919 1786 1114 1872 α’ποτιλίεται,
1138 1784 1194 1868 την
1215 1786 1249 1848 δὲ
1270 1792 1365 1850 λεον-
1376 1794 1407 1846 15

256 1891 311 1975 την
332 1884 535 1954 ύπενιλύεται.
1098 1883 1107 1912 ‘

357 1991 429 2054 Καί
454 1992 578 2072 πρῶτον
608 1988 767 2071 palesarsi
791 1993 847 2072 τη”ς
875 1990 1039 2072 ἐκκλησίας
1072 1998 1193 2075 χωρεῖ,
1226 1991 1280 2056 καί
1309 1987 1364 2054 τόν

257 2095 391 2172 ποιμένα
414 2090 531 2175 ταύτης
552 2094 682 2170 ἐξωθεῖ·
705 2088 921 2173 Σεβαστιιινύς
943 2092 971 2153 d'
986 2082 1077 2164 οὗτος
1101 2084 1148 2175 ἦν,
1174 2090 1255 2174 ἀνὴρ
1279 2087 1363 2177 ἔργῳ
1437 2153 1439 2164 ,

258 2193 313 2256 καί
335 2191 416 2280 λύμην
445 2189 623 2275 διαβόητος.
672 2186 811 2276 σ’φαιρεῖ
837 2193 872 2256 δὲ
901 2188 940 2254 τὰ
971 2191 1132 2274 προσόντα
1153 2194 1190 2278 τῇ
1213 2193 1363 2274 ἐκκλησίᾳ

256 2293 362 2379 χωρία
386 2295 440 2356 καί
460 2288 602 2377 κτήματα
610 2345 619 2378 ,
640 2293 694 2356 καί
710 2293 812 2356 ταῦτα
835 2300 899 2365 τοῖς
912 2293 977 2372 μετ’
1000 2294 1101 2355 usitati
1126 2296 1256 2374 Σὲρβοις
1281 2291 1402 2357 ἄπο-20

258 2398 367 2477 νέμει·
406 2397 463 2459 καί
481 2396 720 2475 μελανένδυτος,
748 2397 821 2479 φεύ,
843 2394 898 2457 καί
917 2396 1147 2459 σκοτοιλυτούσα
1170 2389 1188 2473 ἦ
1210 2394 1273 2458 ταῖν
1293 2392 1364 2456 Ἰου-

260 2497 393 2558 αννίνων
413 2491 606 2577 μητρόπολις
629 2495 760 2575 γίνεται,
781 2494 836 2557 τὸν
863 2498 998 2575 ποιμένα
1023 2490 1140 2577 ἑαυτῆς
1161 2491 1205 2576 μη“
1231 2490 1362 2574 ἔχουσα,

261 2595 320 2668 ἕως
342 2585 381 2657 ού
402 2593 457 2657 καί
476 2598 521 2668 εἰς
542 2599 678 2677 παντελῆ
700 2596 836 2679 ἐρημίαν
856 2592 876 2678 ἡ
900 2598 1048 2679 ἐκκλησία
1073 2592 1155 2678 κύτη
1176 2594 1362 2677 κατήντησε.

260 2694 317 2758 καί
337 2692 539 2781 χορτοβηκας
578 2698 633 2761 καί
662 2697 835 2779 σιτοθηκας
868 2693 907 2759 τύ
945 2698 979 2760 ἐν
1011 2696 1092 2782 adep}
1119 2693 1275 2778 οἰκήματα
1303 2719 1362 2757 πε-

211 2985 215 2992 ,
360 2934 457 3005 Neque
474 2934 616 2986 loannitae
643 2933 730 2985 maius
749 2936 788 2985 'se
809 2933 907 2984 malum
935 2933 1057 3003 accipere
1083 2938 1239 2994 senserunt,
1259 2932 1359 2983 etenim

243 3021 325 3055 ¹cum
351 3008 507 3057 servitutem
535 3022 584 3075 per
616 3005 758 3057 Albanitas
784 3001 931 3056 instantem
956 3005 1098 3071 lugerent,
1126 3004 1154 3054 in
1182 3003 1360 3069 maiora-sese

263 3076 334 3127 mala
352 3080 553 3146 proripuerunt.
601 3086 658 3129 tum
683 3078 767 3145 igitur
799 3077 880 3145 legati
901 3076 1034 3127 Bodenam
1066 3092 1161 3143 aroge
1182 3081 1209 3126 et
1228 3075 1360 3126 loannitis

260 3149 407 3200 mittuntur
425 3148 477 3211 (ibi
504 3149 577 3199 enim
597 3149 715 3199 Thomas
747 3148 901 3216 habitabat)
931 3156 958 3197 et
975 3146 1104 3197 deferunt
1129 3148 1154 3197 ei
1174 3147 1248 3213 regui
1270 3148 1360 3197 omnia

260 3220 386 3286 insignia.
424 3220 521 3287 accipit
551 3219 710 3286 dignitatem
732 3219 867 3281 Thomas,
887 3236 972 3289 prono
999 3218 1089 3269 animo
1108 3218 1211 3285 legatos
1230 3218 1359 3287 sequitur,

261 3291 414 3358 recipitque
433 3290 593 3340 loanninam
613 3290 706 3350 urbem
734 3286 868 3341 celebrem
894 3302 953 3340 cum
971 3291 1098 3355 Angelica
1119 3288 1298 3357 palaeologn,
1318 3307 1358 3339 re·

262 3361 325 3428 gina
343 3360 398 3429 pia,
415 3377 484 3430 quae
504 3360 585 3411 huius
600 3370 657 3412 erat
674 3362 812 3413 carissima
835 3378 909 3423 υτον,
932 3377 1003 3412 anno
1017 3358 1096 3423 6875,
1113 3377 1140 3429 p.
1153 3358 1214 3412 Clu.
1233 3378 1259 3411 n.
1284 3359 1358 3421 1367,

262 3446 352 3481 seeum
373 3430 509 3482 adducens
531 3432 612 3483 etiam
643 3435 789 3485 exercitum
813 3450 869 3484 non
894 3434 931 3484 ita
959 3448 1094 3499 magnum.
1139 3430 1281 3482 loannitae
1300 3448 1357 3482 eum

263 3502 367 3569 supinis
385 3503 509 3553 manibus
527 3505 554 3554 in
575 3502 667 3555 urbem
685 3520 758 3554 suam
777 3505 898 3555 maximis
918 3520 976 3553 eum
990 3502 1154 3565 clamoribus
1174 3511 1201 3553 et
1222 3502 1358 3554 laudatio-

262 3570 344 3623 nibus
373 3573 518 3643 reeipiunt.
564 3576 611 3625 ille
637 3583 727 3626 autem
755 3576 828 3644 pelle
856 3576 944 3644 vulpis
976 3574 1087 3625 indutus
1118 3582 1189 3626 tecte
1215 3584 1243 3625 et
1264 3572 1358 3625 alolose

263 3660 358 3707 omnes
376 3644 409 3694 ad
429 3663 457 3696 se
477 3647 577 3710 traxit,
596 3663 688 3715 neque
714 3647 829 3697 multum
851 3646 976 3698 interfuit
994 3654 1109 3713 tempus,
1137 3653 1164 3696 et
1183 3645 1271 3713 vulpis
1288 3646 1358 3714 pelle

265 3724 346 3767 exuta
365 3715 452 3767 leonis
471 3718 562 3769 induit
582 3718 692 3787 pellem.
740 3726 821 3787 atque
840 3720 953 3787 primum
973 3716 1084 3785 quidem
1107 3726 1198 3768 contra
1218 3716 1357 3767 ecclesiam

263 3803 292 3838 ae
311 3789 454 3845 convertit.
472 3797 500 3840 et
518 3797 654 3859 pastorem
672 3790 731 3840 eiua
752 3789 872 3859 expellit.

361 3859 423 3909 Fuit
443 3860 488 3909 hie
511 3860 694 3925 Sebastianus,
713 3862 754 3912 vir
773 3862 849 3913 sactis
869 3868 896 3913 et
914 3860 1003 3912 verbis
1023 3861 1119 3913 alaras-
1168 3860 1250 3911 iustas
1272 3859 1357 3910 ecele-

231 3976 235 3983 .
262 3928 318 3979 aiae
340 3930 419 3981 urbes
448 3938 476 3981 et
494 3934 678 4000 possessiones
703 3933 806 3996 aufert,
833 3941 860 3984 et
889 3932 979 3985 Serbis
1010 3932 1064 3983 auis
1084 3929 1196 3997 tribuit;
1228 3939 1257 3982 et
1274 3932 1356 3998 nigra,

260 3998 332 4056 heu!
354 4009 382 4052 et
399 4001 512 4053 obseura
531 4004 560 4054 iit
578 4006 708 4055 loannina
723 4005 892 4073 metropolis,
910 4022 968 4056 cum
983 4012 1116 4073 pastorem
1133 4019 1209 4055 suum
1227 4018 1285 4053 nou
1307 4003 1355 4053 iam

261 4069 390 4137 haberet,
416 4072 504 4124 donec
526 4076 606 4125 etiam
635 4076 669 4126 ad
690 4075 867 4127 solitudinem
886 4076 995 4146 plenam
1021 4076 1136 4127 eeclesia
1157 4074 1225 4127 haec
1244 4073 1356 4125 descen·

260 4139 318 4207 dit,
339 4151 368 4196 et
397 4142 520 4196 aedificia
547 4145 605 4199 eiua
634 4144 754 4210 reddidit
784 4146 869 4199 cellas
884 4146 980 4219 pabuli
1000 4156 1028 4203 οι
1046 4147 1191 4214 frumenti,
1211 4152 1240 4200 et
1262 4152 1355 4218 pastea
