2884 4775
679 146 685 155 ,
1095 98 1142 151 ι’
1218 128 1225 138 -

489 178 809 277 nnvnnncnicn‘.
1147 162 1224 271 87'⁸

99 364 238 443 κουμὲνη
260 354 426 441 ε’σεβύζετο
447 352 486 421 τῦ
510 358 661 439 κτίσματα
683 361 743 423 τοῦ
763 359 852 442 θεοῦ,
874 362 930 424 ιιαί
949 358 1082 435 πολλούς
1102 356 1198 434 θεούς

99 460 177 533 τούς
196 458 240 541 μη
262 450 350 532 ’ὄντας
369 455 442 520 avet
463 461 520 521 τοῦ
543 452 614 531 iiic
634 462 688 522 καί
707 458 808 538 μόνου
824 457 981 542 α’ληθινοῦ
1001 460 1080 523 θεοῦ
1099 480 1198 540 προο-

99 560 242 640 ειιύνουν,
263 556 317 620 καί
338 553 554 640 ἐπολιτεύοντο
576 556 653 621 κατὰ
676 555 743 639 τας1
756 557 840 633 ι’δίας
866 549 1198 639 ἕκαστος’ἑπιθυμίος,

102 658 143 721 ού
167 657 244 723 κατά
265 682 337 720 τινα
358 658 416 720 τοῦ
439 658 517 718 θεοῦ
536 651 640 736 νόμον.

76 773 94 824 5
188 758 222 831 ς’.
269 750 348 819 Τότε
375 754 557 837 ἐποίησενύ
588 754 664 829 θεὸς
684 751 740 837 την
761 754 910 840 τοιαύτην
940 752 1119 818 ἀνάπλασιν
1138 756 1200 819 τιῦν

103 849 285 937 ἀνθρώπων
308 842 361 918 διὰ
385 857 443 917 τοῦ
467 851 560 934 λύγου
582 856 681 918 αὐτοῦ
712 858 767 919 καί
787 853 841 918 δοῦ
865 856 921 918 τοῦ
943 855 1035 935 ἁγίου
1056 853 1200 934 πνεύμα-

103 978 157 1027 τος
179 954 291 1017 αύτοῦ.
350 951 403 1016 καί
435 950 488 1016 διαὶ
512 957 615 1021 ,τοῦτο
646 951 775 1035 ὁλύγος
794 956 853 1017 τοῦ
883 957 964 1017 θεοῦ
986 950 1122 1035 ἑνεδύθη
1143 951 1200 1036 την

104 1053 310 1135 ἀνθρωπείαν
333 1048 450 1138 φύσιν,
473 1054 540 1131 ἵνα,
563 1052 611 1125 οῦς,
625 1057 685 1133 μὲν
708 1044 883 1135 ἅνθρωπος,
905 1049 1049 1133 ὁμιλήσει
1072 1046 1201 1135 ιῖνθρού-

104 1172 196 1234 ποις,
225 1151 268 1227 οῦς
301 1156 336 1216 δὲ
370 1152 459 1234 λόγος
490 1157 548 1245 τοῦ
579 1156 660 1215 θεοῦ
682 1152 737 1215 καί
758 1156 835 1215 θεοῦ
857 1157 966 1236 σοφία,
987 1151 1107 1231 διδάξει
1127 1151 1201 1227 τούς

60 1250 294 1333 τούνθροῦπσυς
322 1252 483 1315 πιστεύειν
512 1244 633 1326 εἰς’τὸν
654 1256 708 1316 ἕνα
740 1255 846 1336 α’ληθῆ
868 1256 944 1316 θεὸν
962 1256 1018 1315 καί
1038 1250 1202 1315 πολιτεύε-
1227 1249 1232 1258 '

103 1355 182 1413 σθαι
215 1348 294 1413 κατὰ
327 1350 382 1414 τὸν
404 1348 498 1430 νόμον
535 1348 571 1414 ὃν
603 1350 698 1427 αύτὸς
726 1349 834 1415 ἔδωκε.
876 1353 931 1413 καί
956 1350 1202 1430 παλινγιύςμὲυ

47 1470 52 1479 ’
104 1442 284 1533 ἄνθρωπος,
307 1453 358 1511 ἵνα
381 1451 426 1537 δῷ
449 1451 503 1532 την
526 1455 685 1525 πολιτείαν
701 1438 798 1515 αύτοῦ
812 1446 1013 1532 παράδειγμα
1033 1453 1088 1531 της
1110 1453 1202 1513 διδα.

103 1550 236 1621 σκαλίας
252 1544 354 1612 αῦτοῦ
375 1552 513 1631 (πρῶτος
536 1550 596 1633 γὰρ
611 1548 708 1625 αύτός
723 1548 855 1633 ἐτήρησε
869 1546 923 1612 τύν
937 1545 1032 1629 νόμον
1048 1545 1084 1612 δν
1105 1546 1202 1613 ἔδωκε

102 1645 405 1731 τοῖςμίνθρούποιςμ
427 1644 469 1721 ὥς
491 1652 526 1713 δὲ
548 1652 638 1731 λόγος
658 1653 720 1712 τοῦ
736 1650 816 1712 θεοῦ
837 1654 891 1732 καί
914 1647 1058 1730 δύναμις,
1079 1652 1201 1734 δυνηθῇ

62 1770 95 1822 15
104 1749 308 1828 κατορθῶσαι
338 1745 373 1810 τύ
398 1740 593 1829 παγκόσμιον
617 1748 758 1829 σ’γαθύν,
781 1743 857 1829 ύπερ
880 1740 1036 1828 ἐβούλετο,
1059 1744 1141 1811 διότι
1163 1741 1202 1831 ἦν

104 1843 264 1908 ἀδύνατον
288 1848 330 1908 δι’
360 1842 430 1919 ἑνὸς
450 1846 620 1928 οἷνθραύπου
653 1846 785 1926 δυνάμει
806 1850 998 1929 ἐπιστρέψαι
1024 1845 1078 1928 την
1099 1848 1202 1909 οἰκου.

102 1950 201 2030 μένην
221 1941 309 2026 πρύς.
332 1946 420 2020 τέλος
439 1943 493 2009 τὸν
525 1943 609 2009 θεόν.
662 1950 717 2023 ναί
740 1944 841 2022 οῦτιος
873 1944 927 2009 διαὶ
949 1948 1009 2025 μὲν
1029 1945 1200 2027 τοῦλόγου

104 2046 207 2107 αύταῦ
236 2042 364 2126 ἔσπειρε
389 2047 446 2127 τὴν
479 2042 634 2128 α’ληθειαν
661 2042 677 2109 ὅ
712 2041 950 2124 παντοδύναμος
979 2048 1034 2108 ναί
1061 2041 1200 2127 ἀόρατος

103 2142 179 2218 θεὸς
205 2146 239 2209 ἐν
255 2139 483 2227 Ἰερουσαλήμ,
512 2141 566 2207 διαὶ
597 2147 632 2209 δὲ
657 2147 713 2209 τοῦ
735 2143 911 2224 πνεύματος
939 2138 1041 2207 αύτοῦ
1061 2143 1200 2227 ἐφώτισε

59 2246 159 2320 γοναί
186 2244 332 2325 ἐνίσχυσε
360 2241 436 2317 τούς
465 2243 659 2319 α’ποστόλους
692 2238 809 2323 αύτοῦ,
839 2243 892 2307 ἵνα
912 2247 1084 2324 σπείρασιν
1106 2245 1201 2306 αύτοί

102 2338 335 2426 τηνίίληθειαν
356 2345 411 2406 καί
429 2342 473 2418 εἰς
496 2343 595 2408 πάντα
624 2342 677 2432 τὸν
699 2345 815 2423 κόσμον
847 2339 900 2406 διὰ
922 2340 978 2425 την
996 2335 1118 2425 α’γύσην
1141 2341 1200 2403 τοῦ

102 2443 289 2524 πέμψαντος
309 2442 406 2506 αύτὸν
426 2445 506 2506 θεοῦ
525 2447 580 2507 καί
602 2442 656 2507 διαὶ
677 2442 734 2528 την
755 2441 879 2526 α’γύπην
899 2445 953 2525 τῆς
968 2447 1124 2525 σωτηρίας
1145 2442 1199 2513 τοῦ

173 2641 199 2692 2.
216 2641 424 2711 προσεκύνουν]
444 2636 518 2712 πρύς
543 2643 714 2702 ἐκείνουςΡ
815 2643 842 2696 6.
864 2641 950 2697 αὐτοῦ
968 2612 1053 2694 oinP
1170 2642 1196 2693 8.

174 2709 360 2782 ἀνθρωπίνην
381 2715 399 2765 Ρ
511 2711 553 2764 14.
573 2705 711 2767 ποῦ’θεοῦ
731 2716 806 2766 omP
878 2715 919 2766 17.
940 2717 1013 2771 τέλος
1030 2711 1107 2764 οιυΡ

102 2915 163 2980 lege
184 2913 275 2976 Mosis,
297 2915 416 2984 reliquus
436 2916 521 2966 omnis
539 2923 669 2966 terrarum
693 2917 765 2966 orbis
785 2916 892 2967 colebat
911 2914 955 2965 dei
974 2923 1117 2965 creaturas.
1143 2914 1196 2964 ho-

101 2987 188 3036 mines
211 2985 274 3036 item
294 2987 392 3038 multos
412 2985 485 3049 dens,
508 2986 554 3056 qni
568 3004 623 3037 non
642 2997 713 3049 sunt,
733 3005 781 3056 pro
801 3005 855 3037 uno
874 2987 932 3036 solo
951 3003 1013 3034 vero
1035 2985 1086 3034 deo
1101 2984 1196 3035 adorn-

101 3055 178 3107 bant.
215 3057 342 3107 vivebant
363 3056 481 3127 denique
508 3057 654 3108 secundum
673 3075 734 3108 snas
762 3058 861 3124 singuli
881 3056 1120 3124 concupiscentias,
1139 3073 1196 3107 non

102 3125 251 3178 secundnm
268 3128 386 3196 aliquam
408 3127 451 3178 dei
471 3128 567 3194 legem.

270 3201 274 3217 ¹
302 3215 435 3266 Hactenus
456 3215 579 3283 quintum
598 3220 688 3282 caput.

170 3299 249 3350 'i‘nnn
268 3299 333 3352 dens
351 3303 431 3352 talem
453 3302 664 3352 efformationem
683 3298 816 3350 humanae
837 3298 941 3366 generis
960 3315 1007 3365 per
1025 3298 1114 3365 logum
1132 3314 1195 3366 per.

102 3387 156 3438 qne
176 3381 297 3422 sancium
316 3373 438 3441 spiritum
459 3390 536 3423 sunm
554 3372 628 3423 fecit.
677 3370 777 3422 idcirco
793 3371 868 3437 lngus
888 3369 932 3420 dei
945 3369 1033 3421 induit
1051 3369 1195 3419 humanam

101 3449 236 3502 naturam,
258 3452 296 3506 ut,
317 3461 369 3512 qun
391 3441 472 3495 homo
495 3451 583 3505 esset,
603 3451 755 3494 versaretur
772 3459 831 3492 cum
852 3439 1016 3503 hominibus,
1034 3457 1087 3510 qna
1105 3448 1195 3490 antem
1236 3497 1240 3505 Ι

101 3511 178 3578 lngus
199 3513 243 3562 dei
261 3523 289 3564 et
307 3515 438 3583 sapientia
459 3513 512 3577 dei,
531 3513 640 3564 doceret
658 3514 779 3564 immines
804 3511 913 3561 credere
931 3513 959 3561 in
977 3511 1147 3580 hunclnnnm
1168 3519 1196 3561 et

101 3599 194 3632 verum
215 3583 294 3634 deum
314 3593 341 3636 ct
362 3585 449 3637 vivere
469 3585 615 3636 secundnm
637 3584 734 3652 legem,
752 3600 832 3652 quam
854 3584 911 3651 ipse
929 3582 1055 3633 dedisset.
1094 3599 1194 3642 rursus,

101 3669 155 3722 qna
169 3653 258 3716 homo,
281 3663 310 3706 nt
328 3672 413 3707 mores
431 3657 567 3724 vitamque
591 3673 665 3706 suam
685 3656 837 3722 exemplum
861 3653 937 3702 daret
956 3651 1092 3703 doctrinae
1112 3669 1193 3703 ειιοετ

39 3772 41 3778 ,
100 3726 203 3792 primus
226 3726 296 3776 enim
316 3717 374 3794 ips'e
393 3728 508 3779 servavit
526 3727 621 3794 legem,
642 3743 721 3795 qnam
740 3724 894 3775 hominibus
915 3723 1033 3774 dederat.
1060 3741 1113 3792 qna
1129 3741 1192 3773 vero

101 3796 179 3861 iogus
197 3795 241 3846 dei
255 3804 282 3847 et
296 3799 436 3865 potentia,
454 3806 545 3867 posset
558 3796 628 3848 iilud
647 3797 697 3848 toti
718 3794 818 3846 mundo
837 3796 952 3844 salutare
972 3794 1089 3855 bonnm,
1117 3794 1193 3843 cuius

100 3883 180 3916 cansa
200 3869 490 3932 veneratsconficere,
510 3868 574 3937 qnia
597 3869 654 3918 fieri
674 3885 729 3918 non
755 3875 860 3936 poterat
878 3873 908 3915 ut
927 3866 1054 3933 simplicis
1076 3863 1193 3915 hominis

99 3936 203 3988 viribus
223 3937 258 3988 ad
277 3938 356 3989 deum
374 3948 576 3990 converteretur
603 3939 677 3990 orbis
694 3947 832 3990 terrarum.
869 3938 906 3987 ite
931 3937 992 4004 ingo
1017 3934 1125 4005 quidem
1143 3948 1210 3984 sno*

99 4009 243 4060 seminavit
270 4011 441 4078 omnipotens
468 4011 514 4061 iiic
533 4019 561 4062 et
579 4010 717 4060 oculorum
739 4008 865 4074 effugiens
885 4007 1008 4058 obtutum
1028 4006 1093 4056 deus
1120 4006 1192 4057 veri-

99 4086 184 4129 tatem
212 4079 419 4148 Hierosolymis3
444 4083 540 4152 spiritu
565 4089 653 4133 saitem
676 4098 724 4131 suo
745 4079 908 4130 illuminavit
926 4077 1104 4130 etroboravit
1125 4079 1190 4145 aposs
