2884 4775
258 269 334 343 220
640 279 695 341 DE
726 275 855 340 REBUS
885 275 993 340 EPlRi

257 443 322 508 τάν
342 440 546 508 Ἰωαννίνων·
591 430 658 520 εἶχε
682 436 743 522 γὰρ
768 437 823 503 ἐπί
848 443 893 524 τῷ
916 442 974 502 τοῦ
994 433 1176 503 οἷποστάτου
1202 441 1289 527 κακῷ
1311 441 1368 504 λέ-

257 567 322 626 γειν
342 539 485 606 ιιἔσωθεν
505 537 637 623 τρόμος,
666 536 784 616 ἔξωθεν
813 537 944 625 φόβος,”
969 544 1010 626 πῇ
1036 541 1095 622 μὲν
1119 542 1175 603 τοῦ
1195 542 1366 624 τυράννου,

258 648 302 733 πῇ
324 647 359 709 δὲ
380 631 674 735 τῶνἎλβανιτοΞν.
718 635 755 704 οὗ
783 641 863 704 πολά
897 639 957 723 γάρ
986 640 1021 704 τὸ
1055 645 1088 705 έν
1116 643 1204 730 μέσῳ
1228 627 1376 725 ἐγένετο,

258 746 311 808 καί
333 741 564 825 οἰἈλβανῖται
596 747 662 806 κατ’
692 743 794 806 αὐτοῦ
824 739 1081 825 ἐκοτρατεύουσι,
1109 743 1163 806 καί
1184 750 1366 826 πολιορκεῖν

256 845 313 929 τήν
334 842 425 907 πάλιν
455 842 726 925 ἐγείρονται,καί
744 842 860 926 χρόνον
879 841 960 926 πρὸς
985 837 1101 925 χρόνον
1123 839 1396 927 ἰγνηλατοῦντες5

258 947 316 1010 οάκ
339 932 435 1010 ἐῶσιν
454 943 555 1025 αάτήν
574 942 752 1023 έσοδιάζειν
772 944 908 1026 χρόνους
929 952 1024 1026 τρεῖς.
1047 942 1064 1006 ὅ
1086 947 1121 1008 δὲ
1144 945 1264 1024 Θωμᾶς
1284 946 1367 1028 α’λη-

257 1049 325 1121 θῶς
346 1043 429 1128 ἔχων
458 1041 493 1108 τὸ
522 1039 773 1128 ἑρμηνευόμενον
804 1045 906 1109 aaroni
930 1037 1051 1127 ὄνομα,
1082 1049 1115 1110 ἐν
1136 1041 1238 1132 ἑαυτῷ
1263 1039 1368 1121 οάτως

258 1143 344 1229 ἔχειν
366 1147 546 1227 ἐπεχείρει·
599 1147 633 1210 ἐν
654 1148 713 1224 μὲν
734 1149 776 1232 τῷ
801 1141 924 1233 κάστρηι
952 1143 1007 1209 τὸν
1028 1142 1105 1209 λαὸν
1126 1147 1226 1210 πάντα
1247 1147 1367 1230 ἐμίσει,

258 1246 337 1328 πρὸς
367 1248 402 1310 δὲ
430 1242 505 1321 τούς
536 1243 596 1325 ἔξω
628 1246 684 1311 καί
716 1248 844 1331 άληθῶς
876 1243 1015 1332 ἐχθροὺς
1047 1249 1207 1322 παντελῶς
1237 1247 1369 1331 εἰρήνην

260 1351 316 1413 οἰκ
336 1343 431 1431 εἶχεν.
1381 1341 1413 1394 ¹⁰

316 1506 322 1527 ,
351 1443 416 1515 Ἔτι
441 1452 476 1514 δὲ
499 1452 554 1515 καί
587 1449 753 1533 άΠέτρος
775 1447 913 1525 Λεάσας
941 1453 1007 1516 κατ’
1040 1454 1141 1517 ου’τοῦ
1160 1449 1368 1534 έκστρατεάει

259 1546 396 1633 χρόνους
418 1560 500 1636 τρεῖς
521 1548 600 1633 μετά
624 1554 686 1616 τῶν
707 1552 933 1635 Μαζαρακάον
963 1555 1018 1617 καί
1041 1551 1285 1618 Μαλακασαίων
1308 1554 1369 1634 τής

259 1656 368 1734 γενεάς
390 1655 499 1721 αὐτοῦ.
543 1645 609 1717 εἶτα
631 1653 676 1728 εἰς
706 1650 832 1736 α’γάπην
854 1659 1068 1736 συνίστανται,
1091 1658 1146 1718 καί
1167 1653 1225 1738 τήν
1245 1647 1369 1718 ἑαυτοῦ

260 1755 424 1835 θυγατέρα
454 1751 592 1838 Εἰρήνην
621 1751 636 1816 ὃ
674 1755 795 1834 Θωμᾶς
828 1757 873 1840 τῷ
902 1752 961 1843 virgi
992 1751 1048 1820 τοῦ
1073 1741 1202 1839 Πέτρου
1232 1754 1366 1838 Λεάσα,

255 1847 385 1940 Ἰωάννη
406 1846 558 1933 τοῦνομα,
576 1854 797 1937 μνηστεύεται,
820 1852 875 1918 καί
901 1857 946 1930 εἰς
969 1854 1105 1939 γαλήνην
1123 1853 1241 1937 μικράν
1265 1854 1283 1937 ή
1308 1853 1368 1917 τιό·
1381 1861 1411 1914 15

260 1955 309 2026 λις
348 1956 410 2017 τῶν
434 1953 619 2019 Ἰωοιννίνων
659 1960 776 2038 γίνεται
814 1953 875 2018 άπὸ
917 1957 980 2018 τοῖν
1010 1955 1222 2037 Ἀλβανιτοῖν,
1256 1952 1368 2043 χρόνῳ

260 2055 401 2144 πέμπτην.

358 2158 441 2221 Ἀλλ’
462 2155 477 2221 ὃ
500 2160 619 2238 Θωμᾶς
637 2156 764 2242 εἰρήνην
785 2161 858 2224 ποτὲ
881 2160 937 2221 οἰκ
959 2151 1052 2240 εἶχεν,
1077 2157 1157 2222 άλλά
1179 2159 1283 2232 κακῶς
1307 2155 1366 2240 τήν

261 2255 351 2321 πόλιν
372 2255 505 2322 πάντοτε
525 2258 697 2342 ἐτυράννει,
719 2263 775 2323 καί
787 2257 862 2334 τούς
883 2261 1070 2339 Ἀλβανίτας
1092 2258 1215 2336 ἐκάκιζε
1238 2261 1297 2321 κάν
1321 2260 1367 2345 τῷ

260 2352 393 2440 ὕστερον
414 2361 574 2436 παντελῶς
595 2360 755 2444 ἐκάκωσε,
786 2363 841 2425 καί
869 2360 1128 2445 παντοιοτρόπως
1155 2357 1271 2435 σιν-’τούς
1293 2361 1410 2443 iia-20

260 2457 373 2543 φάνιζε
395 2464 450 2523 καί
483 2462 750 2544 κατεξωλόθρευε·
802 2463 858 2546 τήν
891 2460 982 2525 πόλιν
1011 2457 1071 2543 γάρ
1104 2454 1179 2543 ὅλην
1199 2457 1366 2543 ἐπλήρωσε

259 2560 321 2621 τῶν
341 2558 534 2640 Ἀλβανιτῶν
562 2557 601 2623 τά
620 2564 711 2624 τέκνα
741 2560 859 2641 αἰγίδας
880 2555 982 2648 ἐαυτῷ
1003 2561 1267 2644 παρατιθέμενος.
1312 2561 1367 2619 καί

262 2655 409 2747 φυλακάς
430 2661 465 2723 δὲ
484 2663 540 2726 καί
560 2659 679 2744 κλωβία
700 2664 798 2737 ου’τάς
831 2663 988 2743 ἐδείματο,
1010 2660 1066 2725 καί
1085 2658 1264 2745 παλιοσρήν
1288 2655 1366 2741 οἰνή-

262 2952 341 3004 ωελίι
359 2939 409 3021 pei·
430 2951 590 3018 sacrilegum
610 2952 734 3003 excitatis
763 2950 833 3015 dict;
861 2949 930 3000 intre
952 2955 1055 3012 terror,
1073 2956 1147 3000 extra
1166 2949 1364 3011 consternatio,

262 3024 320 3076 iilic
337 3031 449 3093 propter
467 3031 627 3088 tyrannum,
656 3024 700 3073 hic
719 3031 830 3092 propter
849 3020 1008 3086 Albenitaa3
1039 3020 1222 3090 nequeenim
1242 3020 1362 3071 multum

261 3095 386 3147 interfuit
402 3103 520 3163 ¹tempua
552 3112 611 3145 cum
641 3096 784 3145 Albanitae
810 3102 902 3144 contra
931 3108 992 3142 eum
1012 3091 1261 3159 proficiscerentur,
1281 3090 1365 3142 etad

263 3166 357 3219 urbem
378 3165 587 3235 oppugnandam
607 3182 666 3217 aeae
685 3168 868 3231 accingerent,
888 3170 915 3213 et
941 3164 1014 3213 omni
1034 3171 1155 3232 tempore
1176 3170 1281 3213 attente
1300 3179 1363 3213 ver-

262 3246 353 3290 nantes
373 3244 523 3287 commeatu
544 3254 603 3287 eam
625 3236 811 3289 intercludunt
829 3251 879 3304 per
897 3242 951 3285 tres
970 3250 1064 3284 annos.
1102 3234 1149 3285 sed
1168 3233 1295 3294 Thomas,
1318 3233 1364 3303 qui

261 3326 362 3360 nomen
391 3324 479 3357 auam·
499 3306 662 3376 explicatum
684 3310 743 3359 iure
764 3306 896 3368 habebat,
922 3306 1004 3355 talem
1034 3322 1063 3355 ne
1081 3322 1183 3378 ‚gerere
1203 3304 1363 3367 conabatur,

262 3380 291 3430 in
312 3386 398 3429 cestro
418 3377 541 3428 hominen
561 3394 654 3429 omnes
680 3378 791 3438 oderat,
811 3395 870 3428 cum
891 3377 990 3428 exteris
1011 3384 1110 3438 autem,
1132 3378 1179 3447 qui
1199 3392 1289 3427 revera
1314 3376 1364 3427 ho-

263 3459 318 3501 etes
339 3457 423 3511 erant,
445 3449 557 3500 omnino
575 3465 668 3518 pacem
687 3468 743 3500 non
763 3449 834 3500 iniit.

361 3538 414 3588 iam
441 3545 531 3589 autem
562 3538 642 3589 etiam
670 3538 763 3589 Petrus
788 3538 884 3589 Leonas
911 3554 960 3607 per
989 3545 1042 3589 tres
1071 3552 1156 3587 annon
1188 3555 1246 3589 cum
1273 3538 1364 3588 Maza-

263 3606 343 3660 rakiis
362 3616 390 3659 et
405 3609 586 3671 Maiaoasaeia‚
606 3610 652 3679 qui
672 3617 750 3659 erant
778 3624 810 3659 ex
830 3616 909 3677 gente
928 3609 1001 3671 eius,
1021 3616 1114 3659 contra
1135 3626 1195 3659 eum
1214 3608 1364 3676 proficisci-

261 3688 315 3743 tur,
334 3677 433 3730 deinde
453 3680 487 3732 ad
500 3681 651 3731 'amicitiam
670 3697 699 3731 se
719 3690 897 3748 componunt,
924 3689 951 3732 et
972 3682 1068 3731 irenen
1088 3680 1172 3731 iiliem
1191 3697 1265 3731 suam
1285 3681 1363 3731 Tho-

261 3768 317 3802 maa
335 3751 393 3802 atto
415 3752 484 3803 Petri
506 3753 615 3814 Leoene,
639 3752 749 3803 nomine
768 3752 840 3804 dicto
859 3752 963 3812 ioanni,
984 3761 1097 3820 nuptum
1120 3751 1167 3802 dat
1182 3788 1189 3814 ,
1207 3760 1235 3801 et
1257 3750 1291 3801 ad
1316 3769 1364 3821 pa-

262 3839 320 3873 oem
340 3821 448 3872 brevem
470 3822 533 3873 urbs
552 3823 684 3875 loannina
706 3824 830 3892 pervenit
850 3842 898 3892 per
917 3824 1070 3886 Albanitaa,
1090 3840 1162 3873 anno
1181 3824 1291 3892 quinto.

362 3892 416 3944 Sed
440 3893 558 3946 Thomas
586 3912 680 3964 pacem
709 3911 847 3964 nunquam
872 3894 1024 3958 retinebat,
1052 3894 1100 3945 sed
1133 3892 1226 3945 urbem
1256 3908 1364 3962 semper

226 3975 228 3979 ’
261 3963 332 4015 male
352 3964 496 4027 cruciabat,
515 3974 543 4016 et
561 3967 701 4018 Albanitaa
720 3966 851 4031 vexabat,
873 3976 899 4019 et
923 3975 1017 4036 postea
1037 3966 1148 4017 omnino
1168 3964 1239 4017 male
1263 3974 1363 4017 tracta-

261 4037 309 4099 vit,
329 4044 357 4087 et
377 4037 449 4087 omni
469 4036 549 4089 modo
564 4055 609 4089 eoa
629 4038 818 4106 exstinguebat
838 4046 865 4089 et
886 4038 1053 4090 devastabat:
1074 4036 1166 4089 urbem
1184 4038 1260 4089 enim
1279 4046 1363 4089 totam

261 4108 403 4176 implevit,
421 4109 586 4180 imponendo
605 4110 790 4161 Albanitarum
817 4109 925 4171 liberos,
945 4119 975 4161 ut
992 4109 1044 4161 tibi
1063 4118 1151 4161 essent
1171 4108 1301 4172 obsides,
1324 4117 1364 4160 at-

263 4193 318 4254 quo
329 4195 447 4233 carcereo
465 4188 493 4233 et
510 4179 635 4235 barathra
647 4181 817 4246 aedificavit,
838 4189 864 4234 et
877 4197 1008 4235 carcerem
1028 4188 1187 4253 perpetuum
1209 4182 1362 4247 revocavit5
