2884 4775
229 215 273 281 10
661 215 854 285 Hts'routn
931 239 934 245 ·

224 363 422 449 πατριάρχου
445 363 498 430 διδ
527 364 566 430 τδ·
581 369 760 450 τελευτῆσαι
782 367 856 444 ἐκεῖ,
877 356 972 427 ἄλλον
993 362 1028 425 δὲ
1047 364 1304 445 προβιβασθῆναι

199 463 268 547 5μὴ
290 468 434 539 θέλοντος
464 463 517 528 διὰ
550 464 582 530 ιδ
606 462 780 529 σκάνδαλον
814 456 869 548 (ἦν
895 458 955 544 γὰρ
977 462 1035 523 οδκ
1054 458 1181 546 ὀλίγον),
1201 455 1303 536 οὕτως

223 562 331 645 ἔμενον
351 567 583 649 τεταραγμένοι.
626 558 643 626 ὃ
666 561 805 641 Νικαίας
826 565 860 627 δὲ
883 559 1072 645 Βηοσαρίαιν
1092 559 1147 625 καί
1166 561 1183 624 ri
1200 560 1299 627 Ῥοισ·

221 665 294 737 σίας
312 659 439 743 ἔμειναν
458 666 491 729 ἐν
511 665 548 749 τῇ
565 662 680 750 Ῥώμῃ.
736 660 792 725 καί
817 663 936 743 ἐγένετο
971 661 1027 722 καί
1051 658 1251 743 καρδινᾰλιος
1282 657 1301 725 ὅ

220 763 422 843 Βησσαρίοον,
443 757 543 845 τιμὴν
566 764 620 827 καί
639 761 733 837 δόξαν
754 759 918 842 δεξάμενος
932 760 985 823 καί
1003 755 1039 822 ad
1056 759 1326 828 doxartdtrrrrra

220 857 447 940 denutriamur.
765 860 771 869 ’

297 950 357 1023 Ἠν
376 962 412 1023 δὲ
432 963 466 1025 ἐν
488 956 816 1027 Κωνσταιτινοαιτόλει
848 979 893 1032 τις
921 957 1093 1039 οἷγιώτατος
1123 983 1300 1041 πνενματι-

217 1055 282 1138 κός,
304 1055 465 1141 λεγόμενος
486 1063 517 1125 Γ
514 1059 659 1143 ρηγόριος
681 1058 701 1144 ἦ
726 1056 859 1140 μαμμή,
888 1054 1049 1134 σίνιεκνος
1078 1060 1134 1123 τοῦ
1158 1060 1300 1141 μεγάλου

218 1159 339 1231 δονκός.
364 1152 493 1239 ἄραντες
515 1152 572 1222 οὖν
593 1158 691 1223 adria
707 1162 762 1222 καί
773 1154 817 1239 μή
838 1159 969 1220 θέλοντα
992 1159 1092 1222 εἰπεῖν
1113 1160 1298 1243 οἰτοιὴσαντο

217 1262 271 1320 καί
294 1253 508 1340 ἀνηγόρευσαν
526 1258 741 1341 πατριάρχην·
772 1251 816 1330 τίς
837 1254 891 1320 καί
914 1255 948 1319 τὸ
968 1255 1141 1322 σκάνδαλον
1161 1256 1296 1335 ον’ξανό·
1307 1275 1341 1327 10

214 1377 307 1434 μενον
328 1352 410 1435 ὀροῖν
431 1361 487 1419 καί
505 1356 560 1439 τὴν
579 1350 695 1421 dimota
717 1361 874 1439 προλέγων
894 1355 1115 1442 παρῃτήσατο,
1138 1359 1295 1440 τιρσειιιών

214 1451 271 1514 καί
288 1457 330 1539 τῷ
350 1453 419 1542 ἰδίῳ
439 1457 589 1543 συντέκνρι
610 1460 653 1543 τῷ
672 1454 795 1543 μεγάλῳ
816 1457 907 1519 docui
924 1455 964 1531 ιδς
980 1454 1009 1520 oi
1028 1456 1198 1542 Ἀγαρηκοί
1213 1455 1297 1542 apd·

216 1554 305 1625 ξοοσι
325 1553 399 1629 τοὺς
420 1553 510 1629 vinde
530 1558 630 1620 αδτοδ
644 1554 821 1637 ἔμπροσθεν
835 1550 945 1637 ariensi,
965 1552 985 1619 ii
1004 1561 1059 1621 καί
1071 1560 1192 1639 γέγονεν
1205 1551 1297 1622 δστε.

213 1674 278 1734 ρον,
299 1651 341 1725 οἷς
361 1648 376 1715 ri
398 1648 486 1735 οῗγιος
507 1646 672 1737 ἄνθρωπος
689 1662 844 1737 aporiare.
1183 1644 1185 1648 δ

292 1750 327 1816 Ὁ
347 1750 496 1833 βασιλεδς
520 1755 564 1837 δέ,
586 1752 690 1817 noodr·
710 1749 744 1817 ἓν
767 1756 847 1841 νόσῳ
861 1756 948 1841 δεινῇ
966 1758 1004 1840 τῇ
1024 1755 1080 1836 τῆς
1099 1756 1295 1837 α’ρθρίτιδος,
1305 1775 1339 1827 15

214 1845 312 1915 ἔκειτο
332 1851 463 1933 πάσχων
484 1852 646 1933 μεγάλως·
688 1850 706 1915 ὅ
728 1855 894 1928 σονλτᾶνος
915 1854 950 1917 δὲ
971 1852 1158 1937 Maeoticae,
1179 1850 1223 1928 ὥς
1241 1877 1296 1915 κο-

211 1952 339 2033 ρεσθτίς
362 1950 496 2015 πλούτου
529 1950 584 2016 καί
604 1954 707 2036 δόξης,
740 1951 919 2016 saratinus
951 1949 1009 2035 τὴν
1030 1951 1198 2035 ἡγεμονίαν
1216 1953 1295 2037 πρὸς

210 2045 264 2112 τὸν
285 2046 356 2111 υἱὸν
377 2050 514 2114 σονλτοὶν
538 2053 746 2135 Μεχεμὲτην,
767 2050 821 2115 τὸν
850 2048 884 2114 ἐν
902 2054 1073 2141 Μαγνησίᾳ
1093 2054 1295 2136 διατρίβοντα

211 2146 310 2211 αὐτόν
330 2149 389 2227 μὲν
411 2153 637 2228 μετεκαλέσατο
661 2153 716 2215 καί
737 2148 844 2235 ἔστησε
864 2154 1008 2232 βασιλέα,
1028 2150 1124 2227 αιίτὸς
1142 2155 1171 2216 δ’
1188 2150 1209 2218 δ
1230 2179 1293 2218 ιτα.

209 2243 267 2327 τήρ
291 2245 428 2309 unciaria
451 2245 627 2332 Μονροίιιγς
656 2239 824 2333 πορευθείς
856 2252 890 2313 ἐν
919 2248 1018 2337 ταύτῃ
1052 2254 1090 2336 τῇ
1119 2256 1338 2339 Μαγνησιριγο

209 2346 263 2408 καί
283 2346 528 2432 ἀνοικοδομήσας
554 2345 711 2431 α’νιίκτορα
737 2348 804 2414 ἴδια
832 2348 952 2427 ι’διλιζεν
980 2346 1070 2424 ἐντός
1102 2348 1220 2416 τούτων
1240 2355 1296 2416 καί

178 2441 180 2446 ’
207 2440 263 2527 ἔζη
283 2447 353 2524 βίον
375 2445 532 2529 εἰρηνικόν
560 2444 603 2522 ὥς
633 2447 765 2531 γηραιὸς
789 2447 932 2534 ἔμφρων.
986 2444 1001 2510 o‘
1027 2448 1158 2513 σοαλτιὶν
1180 2455 1293 2532 Μεχε.

205 2705 233 2752 et
250 2701 417 2769 perturbato,
428 2722 486 2756 cum
502 2707 661 2776 patriarcba,
671 2707 786 2778 losepbo
798 2709 828 2758 itt
840 2709 865 2757 ic
877 2714 995 2770 mortuo,
1012 2707 1102 2758 nulius
1114 2715 1193 2769 esset,
1211 2723 1292 2759 nemo

207 2770 299 2835 etiarn,
318 2782 429 2846 propter
449 2777 642 2829 dissensionem
668 2795 698 2831 ac
717 2779 918 2843 confusionem,
936 2794 1007 2848 quae
1027 2795 1081 2829 non
1100 2777 1204 2828 modica
1225 2786 1291 2840 erat,

207 2857 236 2891 se
254 2842 289 2893 ad
311 2859 371 2894 eum
397 2846 524 2902 honorem
547 2849 656 2918 produci
674 2858 828 2919 pateretur,
845 2851 875 2900 in
893 2847 942 2899 bac
960 2849 1164 2919 perturbatione
1182 2866 1289 2900 manse-

206 2922 276 2964 runt.
313 2913 430 2968 Nicaeae
448 2936 511 2970 vero
535 2921 652 2971 Bessario
678 2931 705 2972 et
723 2921 831 2972 Russiae
851 2921 970 2971 >antistes
989 2922 1085 2971 Romae
1103 2919 1288 2983 substiterant,

205 2983 252 3034 ubi
271 2986 300 3036 in
318 2987 493 3041 cardinalium
514 2990 634 3042 ordinem
655 2991 773 3042 Bessario
792 2999 933 3059 cooptatus
946 2991 1164 3061 amplissimoque
1184 2990 1286 3041 bonore

205 3057 316 3107 affectus
335 3059 505 3111 concordiam
524 3069 552 3113 et
570 3063 654 3112 otium
673 3063 811 3133 amplexus
831 3062 951 3112 retinuit.

276 3143 336 3195 Erat
355 3145 434 3213 Cpoli
452 3151 636 3215 pneumaticus
656 3151 780 3220 quidam,¹
794 3151 864 3202 vitae
880 3149 1054 3200 sanctimonia
1071 3156 1218 3219 praestans,
1235 3167 1288 3200 no-

204 3211 275 3262 mine
296 3213 438 3282 Gregorius
464 3218 586 3280 Mammas,
605 3223 693 3289 magni
712 3221 786 3272 (lucis
815 3228 959 3290 compater.
996 3218 1068 3270 hunc
1087 3228 1218 3288 arreptum
1237 3236 1287 3288 pa-

206 3282 346 3333 triarcham
375 3286 498 3340 fecerunt
526 3289 659 3353 invirum,
681 3309 712 3342 ac
737 3295 897 3344 renitentem
925 3291 1150 3341 renuntiaverunt.
1199 3290 1245 3341 sed
1265 3291 1287 3341 is

206 3351 346 3404 dissidium
373 3356 401 3408 in
424 3356 481 3408 dies
510 3358 615 3426 longius
644 3379 751 3432 serpere
778 3362 887 3425 videns,
906 3362 1184 3431 expugnationemque
1213 3361 1286 3412 urbis

206 3423 380 3490 praedicens,
409 3444 436 3478 se
454 3446 564 3480 munere
582 3430 808 3494 abdicavit‚,cum
827 3432 936 3503 quidem
956 3433 997 3498 itti
1017 3433 1070 3501 ipsi
1089 3450 1137 3482 suo
1156 3433 1286 3501 compatri

204 3494 382 3560 praedixisset
409 3499 483 3566 tilios¹
500 3502 557 3551 eius
586 3502 615 3552 in
643 3512 788 3573 conspectu
815 3503 959 3574 ipsius.ab
980 3503 1106 3571 Agoreuis
1124 3504 1286 3554 trucidatum

204 3562 258 3684 ἰοῖς
281 3566 358 3687 pupd
384 3571 468 3621 sancti
492 3572 541 3622 viri
571 3571 725 3624 vaticinium
748 3575 806 3644 ipso
834 3575 969 3647 posterius
995 3582 1092 3626 eventu
1126 3573 1308 3644 comproba,

218 3650 260 3683 um
293 3653 339 3685 ur.

274 3719 421 3792 imperator
445 3728 565 3790 interea,
581 3743 689 3796 magnos
717 3731 887 3782 articulorum
914 3731 1020 3783 dolores
1040 3729 1151 3791 babens,
1170 3727 1286 3796 graviter

169 3799 172 3820 t
203 3790 315 3845 afflictus
347 3795 533 3859 decumbebat.
587 3808 615 3850 at
643 3802 764 3852 soltanus
796 3802 920 3863 Murem,
956 3802 1066 3853 satiatus
1100 3808 1127 3851 et
1161 3800 1284 3868 expletus

204 3861 299 3928 opibus
330 3882 361 3916 ac
389 3867 471 3933 gioria
494 3886 581 3921 rerum
612 3881 759 3939 gestarum,
783 3889 892 3940 regnum
915 3872 971 3923 iiiio
1001 3873 1204 3931 Mechemetae,
1236 3871 1284 3937 qui

203 3931 356 3999 Magnesiae
383 3940 610 4003 commorabatur,
639 3942 797 4005 destinavit,
823 3943 1034 4012 accersitumque
1065 3960 1151 4008 regem
1181 3941 1283 3990 consti·

202 4003 264 4054 tuit.
303 4007 359 4075 ipse
389 4025 452 4060 vero
471 4011 630 4078 Magnesiam
655 4016 789 4081 profectus
816 4015 952 4083 proprium
980 4015 1031 4065 sibi
1059 4014 1188 4084 palatium
1208 4009 1284 4060 aedi·

202 4074 302 4141 ficavit3
327 4078 355 4130 in
380 4096 434 4148 spuo
463 4085 580 4150 privatus
601 4085 732 4152 placidam
759 4095 787 4138 et
809 4087 926 4155 quietam
952 4087 1051 4148 Vitam,
1072 4096 1194 4138 “imm
1218 4100 1283 4151 ΡΝ·

378 4315 384 4342 t
