2884 4775
463 280 749 354 rutouuuwu
780 283 834 347 iv.
939 346 942 352 ,
1117 260 1200 356 2492

192 443 288 513 Merui
311 449 347 512 di
361 441 479 518 πολλαὶς
496 442 637 523 ἀταξίας,
658 439 717 516 τοὶς
737 441 848 517 ὁποίας
866 425 1038 524 μεθύοντες
1060 437 1113 506 καί
1132 436 1194 501 ἀπὸ

90 546 169 634 μίαν
182 550 227 624 τίς
247 539 352 633 οἴλλην
359 542 468 629 χώραν
490 546 704 626 διαβαίνοντες
728 539 859 624 ἔκαμαν,
879 546 957 625 μιάν
977 540 1100 625 ἡμέραν
1119 563 1198 604 συν-

82 645 316 734 αθροισθέντες
348 641 416 711 ὅλοι
447 648 604 711 ἐπέπεσαν
633 641 755 728 ἑξαῳνα
779 640 856 707 nutri
883 645 938 725 τῆς
965 635 1197 722 Τουρκογριινί-

94 743 457 835 ζηςκαὶΖαραβούσης,
479 748 607 829 χωρίων
628 740 671 819 ούς
693 743 751 808 δύο
770 736 855 827 σύρας
876 741 1002 826 μακρὰν
1023 743 1079 805 τοῦ
1101 762 1197 823 προρ-

3 856 5 889 ³*
67 852 246 935 5ρηθίντος
278 849 494 932 μοναστηρίου
516 849 692 927 κειμένων,
713 843 768 910 καί
794 837 938 928 εύρύυτες
959 841 1031 917 τούς
1053 844 1123 908 ἐκεῖ
1139 866 1198 905 κα-

95 952 277 1025 τοικοῦντας
302 948 462 1031 Τούρκους
483 946 677 1029 ἀμερίμνους
706 943 779 1020 τούς
803 946 1005 1030 κατέσφαξαν
1029 937 1122 1016 ὅλους
1143 937 1200 1006 καί

3 1052 4 1117 l
94 1048 135 1116 τοὶ
157 1049 263 1133 χωρία
284 1049 465 1132 ἐρήμωσαν.

185 1143 336 1233 Ἔπειτα,
370 1153 428 1214 τού
457 1147 556 1215 αὐτού
591 1145 681 1222 ἔτους
713 1146 771 1231 τὴν
803 1145 937 1232 δεκάτην
968 1149 1197 1230 Σεπτεμβρίου,

95 1251 330 1337 ε’κστροίτευσαν
361 1248 443 1332 μετύ
475 1252 535 1336 τού
559 1249 705 1335 ἀρχηγοῦ
736 1274 798 1313 των
822 1246 999 1331 καλογήρου
1020 1245 1076 1330 τήν
1099 1247 1197 1311 νύκτα

50 1349 176 1434 ignosci
201 1353 263 1416 τῶν
282 1348 483 1431 Ἰωαννίνων,
505 1348 570 1414 καί
597 1347 791 1424 εἰσελθόντες
820 1350 865 1424 εἰς
884 1346 939 1432 τήν
968 1346 1059 1411 πόλιν
1080 1343 1198 1432 ἔβαλαν

94 1450 198 1527 εύθύς
217 1453 346 1537 spurius
383 1452 428 1528 εἰς
457 1448 513 1536 τήν
546 1453 605 1515 τού
626 1446 697 1514 τότε
729 1452 818 1514 πασᾶ
842 1445 1007 1530 Ἀσοαμύυ
1029 1452 1198 1529 κατοικίαν,
1238 1461 1244 1472 “

95 1555 151 1619 καί
170 1550 309 1617 ἔκαυσαν
329 1548 464 1626 πολλούς
478 1548 669 1635 α’νθριύπους
689 1554 746 1616 καί
767 1548 818 1615 τὸν
830 1548 997 1634 βασιλικὸν
1017 1546 1197 1633 θησαυρόν·

97 1649 113 1716 ὅ
137 1656 173 1722 δὲ
196 1658 300 1727 κασᾶς
321 1655 364 1734 μὲ
383 1652 441 1736 τὴν
457 1651 590 1737 γυναῖκα
610 1653 887 1738 τουπρύὴσαντες
909 1649 969 1714 α’πύ
994 1647 1027 1716 sd
1052 1647 1200 1731 παρύθυ·

1 1812 2 1819 ,
95 1779 152 1840 ραν
173 1751 291 1840 ἔφυγον
311 1752 428 1837 γυμνοί
455 1752 515 1838 τήν
534 1754 646 1837 νύκτα,
671 1757 727 1817 καί
749 1753 926 1840 ἐσώθησαν.
968 1747 1003 1817 τύ
1027 1754 1061 1816 δὲ
1086 1745 1201 1816 ἄθλιον

1 1842 2 1871 r
53 1873 87 1926 15
97 1859 196 1922 ἐκεῖνο
217 1854 280 1921 τῶν
295 1857 442 1940 γεωργοῖν
463 1854 518 1919 καί
530 1858 653 1937 βοσκαῖυ
668 1854 849 1938 στράτευμα
870 1857 910 1935 μὲ
932 1851 985 1918 τύν
1001 1855 1199 1936 ψευδαστρυ-

95 1958 187 2041 λόγου
209 1958 381 2042 στρατηγόν
401 1980 455 2023 του
478 1953 648 2043 ἐφύναζαυ
669 1954 702 2020 τύ
720 1953 810 2040 κύριε
826 1957 966 2040 ἐλέησον,
990 1956 1045 2017 καί
1062 1951 1198 2036 χαράτζι
1242 2001 1245 2006 .
1338 2023 1343 2044 ι

93 2057 379 2142 χαρατζύπουλον,
408 2059 463 2123 καί
491 2059 645 2136 α’ναζούλι
681 2055 973 2136 αὐαζουλύπουλον,
998 2051 1202 2136 αἰνιττόμενοι

95 2156 152 2225 τύυ
172 2157 242 2226 νίον
265 2157 372 2245 φόρον,
392 2156 447 2224 τόν
463 2151 576 2223 ,ὃποῖον
592 2148 642 2239 ύχι
665 2154 726 2241 πρὸ
747 2158 871 2220 πολλῶν
894 2155 1020 2241 ἡμερῶν
1043 2151 1073 2218 οἱ
1096 2158 1201 2238 Ταῦρ-

96 2283 145 2327 κοι
169 2251 261 2344 εἶχαν
282 2258 436 2340 ἐπιβάλοι.
493 2249 583 2323 οὗτοι
615 2261 650 2323 δὲ
671 2255 865 2332 α’κούσαντες
895 2254 930 2321 τύ
954 2255 1043 2341 κύριε
1065 2257 1202 2340 ἐλέησον,

52 2376 89 2434 20
98 2363 272 2448 ἐγνώρισαν
295 2354 351 2425 ὅτι
365 2353 465 2446 ἦλθον
486 2364 553 2425 κατ’
575 2361 681 2427 αύτῶν
702 2357 731 2424 οἱ
748 2360 945 2444 Χριστιανοί,
966 2360 1021 2423 καί
1037 2351 1202 2441 παρευθύς

98 2460 239 2547 ἔδραμον
262 2455 329 2528 ilos
349 2460 483 2548 ἔφιπποι
506 2467 560 2528 κατ’
580 2462 702 2527 δυνατὰ
728 2460 948 2545 ἅρματωμένοι
961 2509 978 2543 ,.
992 2458 1048 2523 καί
1064 2461 1215 2543 τρέψανη

97 2586 148 2639 τες
169 2561 296 2651 ίαύτούς
327 2564 373 2641 εἰς
404 2563 508 2652 φυγὴν
530 2560 668 2641 εύκόλιος
700 2558 744 2640 ὥς
777 2562 889 2641 πεζούς
918 2564 973 2627 καί
995 2558 1040 2647 μὴ
1074 2556 1203 2644 ἔχοντας
1269 2622 1271 2630 ,

200 2876 263 2929 Post
281 2875 381 2928 multos
398 2875 507 2941 turbas,
535 2892 603 2947 ques
626 2875 694 2928 ebrii
714 2882 743 2928 et
761 2892 794 2927 ex
812 2876 867 2928 elia
886 2878 914 2927 in
936 2875 1016 2928 ilium
1044 2878 1201 2947 transgressi

64 2999 68 3005 ,
100 2945 195 3000 urbem
213 2949 410 3011 excitaverunt,
429 2950 524 3018 aliquo
546 2948 591 3000 die
610 2965 702 3001 omnes
723 2948 885 3017 congregati,
906 2947 997 2999 subito
1017 2949 1116 3015 egressi
1137 2955 1201 2999 sunt

99 3020 323 3086 Turcogranizum
343 3029 372 3072 et
392 3019 572 3082 Zarnbusam,
601 3036 671 3090 quae
697 3018 822 3069 horarum
842 3020 930 3089 spatio
951 3018 1063 3069 duarum
1083 3035 1098 3068 e
1119 3034 1201 3088 supra
1284 3027 1288 3033 ‘

99 3101 306 3145 commemorato
327 3092 489 3144 monasterio
502 3091 631 3154 aberant,
650 3098 678 3141 et
698 3091 773 3140 nacti
785 3091 808 3140 Τ
811 3108 894 3152 orcas,
911 3092 958 3162 qui
971 3090 1010 3143 ibi
1028 3088 1199 3153 habitabant,

99 3163 278 3233 insperantes,
299 3180 392 3213 omnes
413 3170 553 3225 necaruut,
576 3170 604 3213 et
626 3163 684 3213 loca
704 3160 918 3215 devastaverunt
966 3177 972 3188 ·

200 3250 313 3314 Deinde,
333 3250 428 3302 eodem
450 3268 521 3301 anuo
540 3251 639 3301 mensis
659 3251 829 3320 Septembris
848 3249 892 3303 die
915 3251 1030 3314 decimo,
1050 3269 1109 3303 cum
1130 3251 1199 3303 duce

98 3340 149 3376 suo
168 3322 300 3373 monacho
321 3331 402 3373 nocte
421 3331 514 3373 contra
534 3322 902 3391 loanulnamprolectisunt,
925 3332 953 3375 et
973 3323 1066 3375 urbem
1086 3324 1199 3391 ingressi

98 3395 189 3446 statim
209 3394 385 3445 coniecerunt
406 3394 493 3463 iguem
516 3393 545 3443 in
565 3392 672 3443 domum
684 3396 833 3457 Aeumanle,
852 3396 898 3463 qul
919 3403 975 3446 tum
998 3403 1055 3447 erat
1074 3395 1199 3448 dominus

99 3464 234 3535 (pascha),
254 3473 281 3515 et
299 3465 422 3516 homines
443 3466 542 3517 multoe
561 3473 589 3515 et
608 3464 765 3517 thesaurum
788 3467 889 3533 regium
909 3467 1129 3535 combusserunt;
1152 3485 1200 3537 pa·

99 3536 162 3589 echa
185 3544 275 3587 autem
295 3544 322 3587 et
344 3552 411 3587 uxor
429 3537 486 3587 ciue
506 3552 520 3586 e
542 3537 646 3605 postico
672 3554 730 3587 sese
748 3540 959 3609 proripuerunt,
987 3548 1014 3590 et
1033 3539 1098 3590 nudi
1119 3547 1199 3591 nocis
1290 3540 1293 3543 ’

99 3607 279 3675 aufugerunt,
307 3615 335 3659 et
353 3610 451 3660 servati
472 3616 542 3660 sunt
580 3610 662 3660 miser
681 3617 771 3661 nutem
793 3610 841 3661 ille
861 3610 1037 3677 agricolarum
1059 3618 1087 3662 et
1106 3620 1199 3679 pasto·

99 3674 157 3730 runi
177 3679 310 3730 exercitus
329 3696 390 3729 cum
409 3679 478 3731 duce
498 3680 633 3747 astrologo
646 3681 840 3745 exclamarunt,
859 3679 935 3747 kyrie
947 3681 1055 3733 eleeson
1075 3682 1199 3751 (dominc

99 3751 226 3801 miserare
246 3757 308 3814 uos)
330 3759 357 3803 et
375 3751 456 3803 breve
479 3750 603 3802 Cbaratzi
623 3760 651 3803 et
671 3753 791 3817 lnazuli,
811 3752 993 3820 significantes
1013 3754 1127 3820 vectigal
1149 3770 1200 3805 no·
1221 3810 1228 3819 ,

99 3839 178 3884 vum,
206 3820 280 3892 quod
307 3838 361 3872 non
384 3823 476 3873 multis
494 3821 590 3873 diebus
608 3831 671 3875 ante
687 3824 798 3875 'Tuscae
818 3824 1022 3894 imperaverant.
1060 3824 1199 3877 hiantem

100 3910 161 3943 cum
181 3892 307 3944 audirent
324 3892 395 3943 illud
413 3892 489 3961 lyrie
501 3894 620 3958 eleeson,
639 3896 844 3959 intellexeruut,
863 3896 1029 3947 Christianos
1039 3913 1067 3947 se
1080 3898 1199 3964 aggredi,

100 3966 248 4034 statimque
268 3981 361 4015 omnes
380 3965 557 4017 adcurrerunt
577 3968 652 4035 equis
675 3967 776 4019 sublati
799 3976 832 4019 'ct
859 3984 939 4037 quarn
959 3968 1076 4019 maxime
1093 3970 1197 4029 armati,

100 4044 129 4087 et
150 4046 295 4104 postquem
319 4053 365 4087 eos
389 4039 418 4087 in
444 4037 534 4105 lugam
563 4038 643 4089 facile
662 4046 816 4100 verterunt,
845 4040 950 4109 pedites
977 4055 1067 4109 neque
1092 4038 1199 4091 bellicis

100 4109 181 4157 ermis
201 4107 322 4170 indutos,
341 4109 441 4161 multos
464 4109 661 4161 interlecerunt
681 4128 736 4163 nou
755 4111 842 4162 solum
863 4110 968 4174 hostes,
989 4109 1036 4165 sed
1055 4111 1134 4162 etiam
1153 4112 1198 4161 iu-

100 4186 245 4246 nocentss‚
267 4181 346 4251 quia,
365 4196 424 4232 cum
446 4179 581 4233 dominica
602 4181 827 4255 subsequeretur,
849 4184 937 4237 invia
958 4199 1004 4236 sos
1023 4190 1197 4255 exceperunt,
