2884 4775
552 233 750 297 POLlTlCll.
1143 229 1190 297 67

107 380 327 451 irenaei-‘heau
356 384 399 455 εἰς
432 382 465 445 τὸ
486 386 707 465 γενιμπαχτζε.
759 382 854 459 ου’τός
876 386 910 449 δὲ
932 376 970 465 ἦν
991 379 1050 460 ltu
1074 382 1194 466 ἡμέρας

107 486 202 563 τινάς,
224 483 453 565 καδέξηρχοντο
467 482 577 545 πολλοὶ
588 482 642 545 καί
653 484 865 567 έπροοκάνοαν
886 480 982 547 adada
1003 485 1074 545 καθ’
1095 479 1194 565 ιδραν,

110 586 243 670 α’φέντες
261 583 313 645 τὸν
333 585 461 665 γέροντα
483 581 590 662 μόνον.

195 676 288 747 Οὕτω
307 684 343 745 δὲ
366 684 429 744 τῶν
451 677 641 763 πραγμάτων
664 683 869 761 διακειμένων
890 684 924 745 έν
939 677 1060 761 στάσει,
1083 684 1117 744 έν
1135 682 1195 767 μιᾷ
1260 732 1264 737 .

86 786 170 848 trab
190 783 318 866 ἡμερῶν
339 780 540 855 ὁπλισθέντες
560 778 588 853 οἱ
608 782 788 863 γενέτζαροι
802 780 944 863 χιλιάδες
967 770 1195 863 δέκαέπορεά.

109 890 211 966 θησαν
235 885 269 945 έν
290 889 354 955 τοῖς
374 882 562 961 βασιλείοις,
584 880 729 953 θέλοντες
754 879 806 944 ἵνα
826 881 963 963 βιάσωσι
985 881 1059 955 τοδς
1081 879 1196 945 παοιά·

109 989 167 1057 δας
188 977 208 1065 ἢ
228 983 327 1045 εἰπεῖν
346 983 389 1066 τῷ
410 984 528 1063 γέροντι
551 978 762 1057 έξελθεῐνκαέ
781 984 1012 1064 παραχωρῆσαι
1027 980 1083 1063 την
1102 985 1195 1058 βασι-

111 1083 196 1148 λειάν
218 1083 262 1169 τῷ
292 1078 369 1167 υἱῷ,
401 1072 624 1163 ἢάποκτεῖναι
655 1078 773 1154 arietari<
802 1080 856 1154 καὶ
881 1078 938 1160 τὴν
968 1076 1059 1143 πόλιν
1079 1077 1195 1162 ἔρημον

109 1188 223 1247 θεῖναι.
276 1180 309 1244 οἳ
328 1180 365 1263 δὴ
397 1181 451 1241 καί
475 1178 680 1259 α’κοάσοντες,
706 1180 762 1243 καί
786 1178 829 1262 μη
846 1176 969 1259 ἔχοντες
992 1179 1096 1243 τέκαί
1115 1182 1197 1263 δρά-

74 1262 175 1362 1οσάι,
196 1279 230 1344 τὸ
253 1284 312 1359 μὲν
340 1276 566 1359 εὐλαβούμεναι
594 1278 815 1362 τὸνγέροντα,
834 1279 869 1341 τὸ
892 1280 927 1342 δὲ
947 1277 1140 1363 φοβούμενοι
1162 1279 1196 1342 τὸ

111 1384 230 1463 πλῆθος
250 1382 372 1454 adrev,
406 1376 486 1459 πλὴν
514 1380 568 1441 κατ’
588 1371 725 1453 άκοντες·
746 1379 900 1463 άνέφερόν
933 1375 989 1459 τήν
1014 1364 1130 1441 στάσιν
1145 1376 1202 1439 καί

112 1481 258 1565 άξιόισιν,
280 1480 335 1541 καί
361 1472 408 1541 ὅτι
430 1480 573 1541 ἵστανται
592 1474 674 1557 μετά
696 1467 799 1541 ὅπλων
822 1474 850 1540 οἱ
878 1479 1074 1560 γενέτζαροι,
1105 1468 1199 1556 ὅπως,

111 1580 166 1644 ἐὰν
187 1578 231 1661 μή
253 1581 379 1661 γένηται
400 1574 435 1642 τά
455 1582 578 1661 θέλημα
601 1576 722 1656 αὐταῖν,
744 1576 948 1642 α’ποκτενοῦσι
970 1574 1023 1638 κατ’
1044 1572 1127 1657 ἡμᾶς
1146 1577 1201 1637 καί

111 1662 313 1762 έρημιάσάοσι
335 1676 393 1760 τη“ν
413 1672 513 1740 πάλιν.
556 1668 663 1740 ταῦτα
680 1678 714 1741 δὲ
734 1678 793 1740 τοῦ
810 1679 950 1759 γέροντος
972 1678 1199 1756 ε’νωτισαμένοα

74 1790 104 1841 15
114 1782 259 1863 ἐλυπήθη
282 1782 336 1841 καί
354 1775 459 1843 ἔστενε
479 1780 601 1862 βαρέως
621 1782 676 1841 καί
694 1778 895 1861 κατηράσατο
916 1778 1059 1860 μεγάλως
1078 1778 1122 1863 τῷ
1144 1773 1204 1865 viqi

112 1877 193 1959 μετά
222 1876 370 1961 δακρύων
397 1879 534 1960 θερμῶν.
586 1875 615 1940 οἱ
646 1880 680 1941 δὲ
707 1881 883 1960 γενίτζαροι
908 1875 969 1954 ἔξω
997 1871 1128 1951 ἑστῶτες
1148 1876 1203 1939 καὶ

110 1981 327 2062 περιμένοντες
364 1972 470 2059 οἵσπερ
507 1970 612 2059 ἄγριοι
643 1979 741 2062 θῆρες
764 1976 950 2061 ἐφαίνοντο,
969 1980 1112 2049 πνέοντες
1136 1978 1200 2056 πέρ

112 2082 165 2139 καί
187 2076 287 2157 λαβην
310 2080 481 2160 ζητοῦντες.
541 2076 682 2161 ἠρώτησε
707 2081 741 2140 δέ
764 2076 780 2140 δ
802 2076 952 2157 βασιλεύς
975 2072 1020 2139 ὅτι
1044 2067 1203 2137 (ineurvis
1246 2154 1250 2169 x

113 2178 300 2260 γενιτζάριον
322 2174 361 2241 τά
383 2170 464 2239 ἄλλα
482 2173 624 2258 τάγματα
647 2180 683 2240 τι’
699 2180 782 2260 λέγει
799 2176 873 2259 περὶ
891 2177 1021 2256 τούτου,
1043 2176 1098 2238 καί
1117 2166 1204 2235 εἶπον

73 2275 248 2351 admirarer
262 2280 428 2355 ἐξέκλιναν,
445 2280 588 2359 βασιλεῦ,
607 2280 718 2359 μικροί
728 2300 761 2339 τε
781 2277 836 2340 καί
854 2277 1013 2358 μεγάλοι.”
1054 2273 1098 2357 μή
1123 2270 1205 2354 ἔχων

119 2380 155 2440 δέ
179 2378 213 2440 τι’
232 2375 287 2440 κατ’
307 2380 446 2460 ποιῆσαι,
467 2374 522 2439 καί
542 2370 626 2440 riuum
644 2380 699 2460 τῆς
719 2378 820 2460 ἀρχῆς
840 2376 1028 2460 α’νεχοόρησε.

130 2487 134 2495 ’
196 2479 243 2540 Ἐν
265 2474 325 2540 ἔτει
348 2475 386 2560 δη
413 2473 460 2564 1ζκ’
481 2477 559 2560 μηνὶ
586 2476 738 2564 άπριλλέιρ
759 2478 805 2541 κδ
826 2479 965 2562 πρωΐας,
996 2469 1129 2558 άραντες
1150 2471 1202 2537 τ’ὀν
1264 2470 1272 2480 ’

114 2732 180 2783 soris
199 2731 338 2795 remansit3
365 2731 530 2801 exibantque
549 2730 679 2799 'singulis¹
697 2729 772 2782 haria
797 2729 832 2780 ad
855 2747 915 2781 eum
939 2718 1044 2798 agmina
1061 2729 1201 2782 hominum
1253 2728 1255 2731 ’

113 2802 225 2852 honoris
243 2809 271 2851 et
290 2801 465 2852 subiectionis
485 2820 572 2866 causa,
591 2803 684 2854 relicto
706 2802 780 2853 intus
800 2819 862 2853 seue
881 2803 948 2853 eolo.

186 2889 244 2938 Hoc
261 2888 341 2940 modo
361 2887 649 2940 animishominum'in
663 2890 796 2939 contraria
813 2887 901 2939 studia
920 2887 1070 2948 distractis,
1090 2886 1199 2935 ianizari

115 2957 160 3008 die
179 2956 295 3028 quodam
315 2960 395 3009 armis
412 2961 545 3019 instructi,
562 2952 784 3010 numero’decies
803 2959 896 3019 mille,
916 2957 949 3006 ad
968 2958 1066 3024 regiam
1084 2956 1200 3025 profecti

114 3037 187 3089 sunt,
208 3030 321 3080 coneilio
341 3039 386 3080 ant
403 3032 455 3080 vim
475 3029 621 3082 adhibendi
640 3030 742 3091 bassis,
761 3037 807 3079 aut
827 3028 973 3078 mandandi
993 3030 1050 3078 eeni
1070 3026 1200 3078 excedere

114 3116 280 3168 regnumque
298 3100 356 3150 lilio
385 3101 499 3163 tradere,
518 3111 565 3152 aut
582 3100 723 3152 occidendi
750 3102 822 3166 ipsos
842 3099 989 3166 urbemque
1010 3097 1154 3166 diripiendi
1172 3105 1201 3148 et

113 3171 249 3222 vastandi.
286 3173 332 3239 qui
351 3171 393 3221 his
415 3173 513 3222 auditis
540 3171 640 3240 trepidi
662 3171 771 3238 ancipiti
793 3186 872 3232 cura,
903 3169 977 3237 quod
995 3169 1028 3218 ab
1049 3185 1102 3218 una
1123 3177 1200 3236 parte

114 3258 208 3292 senem
228 3250 398 3303 vererentur,
420 3244 453 3292 ab
476 3244 560 3293 altera
580 3243 756 3292 ianizarorum
783 3240 1002 3304 multitudinem,
1020 3239 1053 3290 de
1072 3240 1200 3301 tumultu,

114 3313 238 3380 quamvis
256 3313 351 3374 inviti,
373 3315 535 3364 rettulerunt
552 3312 584 3362 ad
608 3329 711 3380 regem,
731 3311 863 3380 postulata
882 3313 989 3361 illerum
1009 3319 1200 3379 proponentes.

113 3385 252 3434 “instant'’
274 3383 404 3452 inquiunt
421 3385 545 3434 “infestis
562 3385 640 3433 armis
660 3384 714 3444 isti,
741 3383 844 3449 parati,
862 3383 915 3433 nisi
933 3382 1107 3450 cupiditatem
1125 3397 1200 3432 suam

114 3454 271 3505 obtinentes
301 3453 445 3521 expleant,
472 3464 500 3506 et
516 3455 635 3520 occidere
661 3471 709 3504 nos
729 3464 756 3503 et
784 3453 876 3504 brbem
894 3451 1009 3522 praedae
1029 3471 1060 3502 ac
1081 3454 1199 3503 vastitati

113 3523 204 3574 dare.''
253 3540 335 3574 senex
351 3533 394 3589 ‚ut
419 3525 484 3576 haec
511 3527 628 3594 accepit,
656 3527 828 3575 contristatus
847 3533 905 3585 est,
927 3524 1041 3590 graviter
1059 3524 1198 3586 ingemuit,

111 3597 223 3664 vimque
249 3595 415 3646 lacrimarum
444 3597 607 3664 profundens
636 3596 691 3657 filio
720 3596 791 3644 <liras
811 3596 970 3664 imprecatus
995 3603 1043 3644 est.
1086 3595 1198 3644 ianizari

112 3665 178 3715 foris
198 3673 307 3726 stantes,
328 3666 455 3736 eludique
476 3684 503 3717 se
521 3675 548 3717 et
568 3668 670 3718 extrahi
690 3674 836 3734 putantes,
861 3667 944 3715 instar
963 3665 1078 3715 serarum
1097 3665 1198 3715 bestia·

112 3753 172 3786 rum
192 3739 345 3803 exasperari
364 3741 464 3804 magis3
492 3739 580 3804 ignem
601 3739 754 3805 ferrumque
774 3736 900 3787 anhelare
912 3775 920 3799 ‚
933 3752 963 3784 ac
983 3744 1086 3786 tautum
1105 3754 1196 3786 ansam

108 3807 182 3856 initii
203 3807 415 3876 circumspicere.
452 3827 511 3858 cum
526 3825 572 3858 rex
590 3810 767 3874 interrogaret
784 3806 849 3875 quid
868 3807 902 3856 de
919 3806 970 3857 hoc
986 3807 1092 3875 incepto
1112 3809 1196 3858 ceteri

109 3879 230 3927 militum
253 3878 368 3949 ordines
381 3880 527 3943 sentirent,
544 3896 601 3948 qua
619 3881 647 3930 in
666 3895 694 3928 se
713 3879 803 3928 animo
825 3886 929 3940 essent,
949 3894 1104 3945 responsum
1122 3877 1195 3940 tulit,

52 3965 56 3969 ’
109 3956 271 3999 cunctorum
290 3953 410 4011 animos,
432 3967 593 4001 summorum
613 3960 640 4000 et
657 3950 807 4000 infimorum
827 3965 932 4000 aversos
951 3965 1016 3998 esse.
1037 3950 1114 4018 inops
1132 3965 1195 4017 ergo

107 4019 170 4090 ipse
191 4020 251 4088 opis
270 4028 298 4071 et
316 4021 422 4070 consilii
442 4020 478 4072 de
497 4022 609 4090 irnperio
625 4019 796 4089 (quantumvis
813 4019 913 4070 invitus
930 4020 1018 4070 cessit.
1205 4017 1212 4034 ⁸

179 4106 259 4159 Anno
278 4107 361 4176 igitur
378 4109 478 4179 septies
505 4108 648 4160 millesimo
678 4108 811 4171 vicesimo,
831 4107 877 4194 'die
895 4107 993 4177 Aprilis
1012 4105 1055 4172 24,
1074 4112 1194 4174 tempore
