2884 4775
245 326 248 333 Ι
283 318 285 323 ,
366 233 560 297 ursronn
589 197 908 317 eamrlncmct.
1131 229 1177 298 79

81 384 172 467 νάτη,
195 382 299 465 ἡμέρα
323 384 423 466 τρίτη.
449 378 536 464 ὅμως
556 377 693 469 ἧξευριυ,
716 379 765 447 ὅτι
784 383 851 457 πῶς
871 365 902 444 οἱ
919 375 1070 461 Ῥωμαῖοι
1084 378 1179 463 ἔχουν

82 485 286 565 πατριάρχην
307 481 446 566 πάντοτε,
469 482 548 545 διότι
570 485 633 547 ἐδιὸ
646 485 690 558 εἷς
712 481 769 566 τήν
784 480 875 545 πόλιν
894 478 991 560 ἔκαμε
1011 479 1065 545 τὸν
1084 488 1177 547 πλέον

82 579 208 665 καιρόν,
233 584 306 663 πρίν
330 582 447 673 νάιτὴν
473 579 593 663 εἰιάρη,
617 580 763 662 ἕσοντας,
782 580 864 644 dnos?
886 582 1057 666 άφέντιυεν
1077 580 1094 643 ὅ
1115 608 1176 646 πα·

82 684 178 762 τέρας
200 678 301 743 αὐτοῦ
316 679 451 744 σουλτάν
465 679 654 765 Μουράτης,
673 684 716 759 εἷς
735 679 793 763 τὴν
812 679 1079 763 Ἀδριανοάπολιν.
1121 687 1177 747 καί

59 771 198 862 ὅῆξευρε
218 777 253 842 τά
273 779 433 857 Ῥωμαϊκά
449 778 548 843 solid
566 784 620 843 καί
636 783 822 865 λεπτότατα,
842 778 896 844 καί
916 778 972 853 τάς
991 779 1092 858 τάξεις
1113 783 1177 847 τῶν

78 877 259 957 Ῥωμαίων.
311 878 418 944 λοιπὸν
442 879 619 960 ε’θαάμασε
639 882 706 955 πῶς
733 882 786 945 div
804 876 923 963 άπῆγεν
943 878 960 941 ὁ
977 881 1177 965 πατριάρχης
1249 880 1252 887 ’

81 976 120 1041 νά
143 974 197 1041 τάν
226 978 442 1061 ἑπροοκυνὴοη
471 976 513 1052 αἷς
541 980 682 1063 άφὲντη,
714 982 768 1043 καί
797 978 953 1062 ἐθυμώθη
984 962 1102 1059 πολλά,
1121 983 1178 1044 καί

82 1078 297 1158 ἑσυλλογίζετο
318 1081 352 1140 τί
369 1073 437 1141 ἔναυ
458 1082 558 1146 τοῦτο.
601 1077 655 1142 καί
675 1080 708 1143 ἓν
724 1081 767 1164 τῷ
787 1074 855 1157 duo
876 1075 984 1158 ἔκραξε
1005 1077 1080 1154 τούς
1102 1085 1175 1164 κλη-

84 1171 202 1256 ρικοάς,
224 1180 277 1239 καί
297 1170 382 1239 εἶπε·
425 1174 489 1241 ποῦ’
509 1174 576 1241 ἔναυ
606 1177 622 1242 ὅ
642 1177 838 1263 πατριάρχης
858 1201 927 1261 σας,
947 1179 1003 1241 κατ’
1024 1182 1077 1244 etv
1095 1170 1176 1262 ἦλθε

46 1275 121 1338 torri
141 1298 184 1353 με
205 1273 424 1362 προσκυνὴση,
448 1276 491 1351 ὥς
511 1281 687 1357 βασιλὲανς
724 1277 803 1341 διότι
837 1270 936 1349 αάτάς
966 1275 981 1341 ὁ
1007 1279 1175 1354 σουλτάνος

84 1372 234 1451 ἐπεθάμα
255 1373 354 1438 πολλά
376 1378 413 1439 νά
436 1375 532 1459 ὁμιλῆ
552 1375 630 1457 μετά
651 1378 708 1441 τοῦ
728 1375 929 1459 πατριάρχου
951 1380 1025 1458 περί
1043 1380 1175 1453 πίστεως

83 1477 140 1535 καί
160 1470 199 1535 νά
223 1476 336 1556 ’ἔρωτά
356 1474 411 1537 κατ’
435 1478 472 1538 νά
511 1475 659 1559 μανθάνη
689 1475 728 1539 τά
758 1475 817 1540 τοῦ
845 1480 933 1539 θεοῦ.
975 1469 1061 1556 ὅμως
1082 1469 1192 1540 εἶπαν

81 1567 186 1634 αὐτοῦ
206 1567 240 1634 οἱ
267 1571 415 1657 νληρηκοί
445 1568 495 1637 ὅτι
527 1571 589 1637 άπὸ
625 1572 724 1638 πολὺν
756 1574 867 1657 καιρὸν
896 1573 1094 1658 πατριάρχην
1122 1575 1175 1638 ὁὲν

81 1666 216 1751 ἔχωμεν,
238 1668 345 1755 ἐπειδὴ
369 1670 385 1733 ὁ
407 1669 624 1755 πατριάρχης,
649 1672 728 1736 duod
750 1665 833 1755 ἦτον,
854 1677 1074 1753 θεληματικιὸς
1094 1674 1174 1750 ζῶν-

44 1769 135 1843 15τός
156 1791 212 1831 του
236 1765 337 1853 άφηκε
365 1769 400 1834 τά
424 1775 542 1849 σκαμνί
558 1793 628 1849 του,
653 1774 706 1834 καί
734 1769 795 1834 olori
825 1770 890 1835 τότε
906 1766 1005 1833 ’ἄλλον
1026 1772 1078 1835 dev
1099 1768 1175 1835 ἐκά-

80 1890 181 1947 μαμε.
224 1868 278 1931 καὶ
300 1867 438 1943 α’κυάοας
458 1874 547 1934 τοῦτο
567 1869 583 1931 ὃ
611 1869 778 1945 σουλτάνος
798 1868 934 1933 ἔπαυσεν
954 1869 1014 1932 άπὸ
1037 1866 1091 1934 τάν
1111 1874 1174 1934 do.

79 1964 142 2043 μὸν
162 1963 242 2049 duos?
263 1961 339 2050 εἶχε,
359 1968 413 2031 καὶ
435 1973 558 2051 θέλημα
580 1972 653 2043 τούς
675 1967 782 2052 ἔδωκε,
802 1970 857 2031 καί
870 1964 945 2042 roric
965 1962 1043 2046 εἶπε,
1065 1963 1175 2033 ductos

79 2066 198 2128 θὲλουν
228 2064 265 2128 νά
296 2066 418 2148 κάμουν
445 2065 525 2130 κατά
560 2065 616 2147 τὴν
636 2056 743 2132 πίστιν
773 2090 855 2141 τους.
910 2067 1074 2146 καὶτοῦτο
1095 2063 1175 2137 cirrosi
1222 2105 1225 2114 ν

81 2158 167 2229 εἶπεν
190 2164 206 2227 ὁ
231 2166 416 2246 οουλτάνος,
449 2163 495 2230 ὅτι
518 2164 557 2230 vol
577 2164 698 2247 κάμουν
718 2168 936 2250 πατριάρχην,
954 2166 991 2229 τὸ
1015 2163 1112 2247 ἔκαμε
1131 2168 1173 2247 μὲ

42 2270 73 2321 20
82 2268 196 2348 τέχνην
216 2261 270 2327 διά
292 2261 331 2327 νά
353 2261 487 2329 α’κοάουν
509 2263 539 2330 οἱ
562 2269 753 2349 Χριστιανοὶ
774 2260 823 2329 ὅτι
846 2264 942 2347 ἔχουν
963 2262 1175 2350 πατριάρχηνρ

58 2427 62 2438 ,
82 2366 138 2428 καί
156 2364 194 2428 νά
218 2364 353 2448 τρὲχουν
375 2366 419 2440 εἰς
437 2364 493 2448 τὴν
514 2362 610 2430 πόλιν.

84 2688 172 2748 capta.
192 2685 256 2728 tunc
274 2677 321 2727 ille
338 2679 551 2729 scivitRonrarris
571 2694 615 2728 seu
631 2679 740 2726 Graecis
759 2694 863 2748 semper
882 2677 965 2728 luisse
987 2675 1173 2745 patriarcham,

84 2758 230 2818 propterea
259 2749 332 2817 quod
358 2749 407 2797 hac
425 2750 452 2797 in
482 2749 564 2809 urbe,
583 2757 726 2816 antequam
747 2765 804 2798 eam
823 2749 947 2818 cepisset,
966 2748 1024 2813 ipse
1043 2749 1174 2798 maiorem

83 2821 211 2887 temporis
231 2828 333 2898 partem
347 2821 485 2884 'exegerat
503 2828 578 2887 patre
598 2820 679 2885 ipsius
692 2821 796 2869 Murato
816 2819 991 2886 Adrianopoli
1010 2817 1175 2870 dominante.

22 2903 25 2910 “
83 2901 162 2942 norat
172 2892 263 2959 itaque
274 2906 315 2940 res
325 2891 454 2940 Romanas
465 2898 492 2939 et
504 2889 612 2939 ordines
622 2889 897 2958 gubernationemque
905 2891 1081 2938 Romanorum
1091 2886 1175 2955 probe

84 2972 110 3012 et
128 2970 231 3011 exacte.
247 2960 362 3028 proinde
372 2959 590 3028 mirabaturquid
603 2977 699 3010 causae
718 2970 789 3011 esset
803 2960 876 3029 quod
891 2956 1040 3028 patriarcha
1054 2974 1110 3008 non
1127 2975 1175 3009 ve-

83 3036 154 3083 niret
170 3032 203 3081 ad
223 3048 250 3082 se
268 3031 544 3100 suppliciterhonoris
554 3047 640 3090 causa,
651 3048 698 3098 pro
710 3028 820 3080 domino
832 3029 1090 3096 agnoscens3iraque
1100 3045 1175 3078 corn·

83 3111 172 3154 motus
190 3102 325 3168 cogitabat
335 3101 400 3170 quid
412 3100 462 3151 hoc
475 3103 511 3150 rei
523 3109 600 3152 esset.
621 3118 650 3149 ac
662 3103 791 3151 continuo
808 3101 897 3151 accitis
908 3099 1095 3150 ecclesiasticis
1112 3099 1175 3150 viris

85 3175 154 3224 dixit
174 3174 238 3222 “uhi
260 3181 300 3222 est
319 3174 365 3240 qui
384 3171 550 3239 patriarchae
568 3188 663 3220 munus
684 3171 784 3236 gessit?
820 3188 903 3240 quare
923 3187 977 3221 non
1000 3170 1120 3233 accessit,
1140 3178 1171 3221 ut

84 3245 150 3294 mihi
171 3252 299 3311 tanquam
323 3244 377 3310 regi
399 3243 575 3292 reverentiam
595 3240 712 3292 debitam
733 3240 907 3292 exhiberet?'’
942 3240 1009 3291 haec
1029 3238 1173 3292 iultanus:

87 3333 182 3382 magua
201 3316 272 3364 enim
297 3314 354 3363 eius
374 3316 491 3363 animum
526 3313 671 3362 incesserat
700 3312 798 3382 cupido
823 3312 932 3384 videndi
950 3310 1127 3380 patriarcham
1147 3319 1176 3363 et

89 3404 147 3435 curn
166 3402 199 3436 eo
220 3383 252 3434 de
275 3385 405 3452 religione
425 3381 618 3451 colloquendi,
638 3390 667 3432 ut
687 3399 719 3434 ex
741 3401 773 3434 eo
792 3400 922 3452 quaerens
941 3400 982 3433 res
1004 3381 1108 3434 divinas
1128 3401 1175 3434 co·

88 3464 236 3523 gnosceret.
259 3463 322 3505 tunc
342 3454 538 3522 responderunt
556 3455 579 3502 ei
595 3453 683 3503 clerici
702 3454 744 3504 illi
757 3454 827 3504 “iarn
846 3451 962 3524 arlon'go
975 3461 1097 3521 ternpore
1118 3471 1175 3504 non

89 3527 219 3577 habemus
239 3525 422 3592 patriarcham!
469 3526 515 3592 qui
541 3525 612 3574 enim
639 3524 789 3592 patriarcha
808 3525 873 3584 fuir,
892 3542 938 3575 sua
961 3532 1067 3591 sponte,
1088 3524 1176 3576 adhuc

84 3601 188 3658 nivens,
207 3597 298 3646 sedem
318 3613 390 3646 suam
411 3596 535 3664 reliquit3
560 3603 588 3645 et
610 3594 643 3645 ab
668 3611 700 3645 eo
719 3605 840 3664 tempore
859 3596 963 3645 nullum
985 3594 1069 3644 alium
1093 3598 1174 3646 suffe-

87 3672 168 3718 cimus
179 3670 195 3690 ”
240 3666 291 3716 hoc
310 3684 354 3718 rex
373 3667 465 3716 audito
481 3667 596 3738 cessavit
614 3665 646 3714 ab
666 3667 703 3715 ira
721 3684 799 3735 quam
819 3673 988 3733 conceperat,
1007 3681 1108 3732 suaque
1125 3684 1173 3717 vo-

86 3733 190 3789 lu⁸ntate
209 3746 370 3805 potestatem
390 3729 554 3787 eis'crearidi
574 3735 658 3794 dedit,
684 3737 774 3786 dicens
792 3746 857 3787 “vos
878 3753 939 3785 vero
963 3736 1042 3785 facite
1062 3737 1175 3802 patriar·
1260 3787 1264 3792 ,

87 3810 174 3868 cham,
204 3825 392 3878 quemcunque
417 3808 531 3866 voletis,
559 3824 591 3856 ex
610 3808 775 3877 praescripto
802 3808 940 3872 religionis
959 3809 1087 3856 vestrae.‘'
1123 3807 1175 3857 hoc

86 3890 192 3942 autern,
212 3878 285 3948 quod
308 3879 345 3929 ita
374 3878 407 3928 de
430 3877 553 3928 faciendo
577 3877 726 3946 patriarcha
745 3877 831 3940 (hait,
850 3894 905 3927 non
926 3893 1015 3926 amore
1037 3876 1175 3943 religionis

86 3953 118 4000 ab
138 3968 171 4000 eo
193 3948 293 4000 dictum
316 3950 385 4012 suit,
406 3948 453 3998 sed
472 3949 578 3998 callide.
616 3949 703 4000 voluit
721 3949 825 3999 scilicet
845 3956 874 3997 ut
894 3947 1052 3998 Christianis
1072 3948 1175 4016 ubique

87 4023 212 4091 dispersis
234 4022 415 4072 innotesceret
434 4023 529 4070 iterum
558 4034 678 4086 praeesse
697 4017 894 4089 patriarcham
921 4036 975 4089 quo
997 4017 1088 4070 sicud
1107 4035 1174 4070 con·

86 4092 226 4145 serendum
244 4107 272 4142 se
289 4092 319 4142 in
338 4089 430 4142 urbem
447 4090 628 4142 allicerentur.
