2884 4775
788 79 795 124 i

460 197 746 320 coronationi
766 199 815 318 ¹11.
847 279 853 288 .
1101 249 1201 322 237·
1240 241 1262 333 J
1364 249 1369 269 ·

78 403 264 489 Ζαγορόονν,
284 403 364 480 όλλό
383 408 422 491 δὴ
444 413 500 475 κατ’
521 413 576 497 τῆς
597 411 862 495 Δρυῖνουπόλεονς
874 412 955 496 μετό
978 417 1036 481 τοῦ
1059 417 1175 502 Ἀργο-
1271 445 1276 452 ’

77 501 254 589 ροκοίστρου
283 510 338 570 κατ’
366 511 430 572 τοῖν
450 510 598 592 μεγάλων
619 517 809 597 Ζαγορέιον,
837 518 981 596 κατῆλθε
995 516 1097 601 Ιμέχρι
1118 522 1176 582 τοῦ

78 604 329 687 Μεσοποτόμου.
381 611 528 676 κάκεῖθεν
558 617 592 678 δὲ
625 619 729 680 θέλων
762 617 899 680 διελθεῖν
932 614 1011 698 πρὸς
1033 615 1072 682 τό
1092 623 1174 704 μέρη

27 800 30 808 Δ
76 707 131 786 τῆς
152 709 295 800 Δι’βρης,
328 707 478 778 ἐπέπεσεν
499 715 548 777 ἐπ’
570 713 688 791 αότοός
717 717 834 801 γνόφος
859 721 913 782 καί
932 715 1064 800 θόελλα,
1087 719 1142 784 καὶ
1159 717 1175 786 ό

48 800 190 889 5Γιόνης
211 810 399 877 canaonem
420 811 539 890 αότοός
567 814 649 880 κατὰ
671 809 788 898 κρότος
811 821 881 906 νικᾷ
892 868 901 901 ,
924 817 980 882 καί
997 821 1042 894 εἰς
1062 825 1189 903 χεῖρας.

79 905 178 971 αότοῦ
210 908 227 973 ό
250 909 406 997 δεσπότης
424 911 564 1001 ἐξέδοτο,
593 912 697 1006 ἡμέρη
717 916 758 1000 4,
794 918 976 1002 Ἀπριλλίου
998 921 1036 1000 9,
1057 925 1113 986 καί
1130 922 1175 997 εἰς

78 1008 178 1090 δεσμοὶ
197 1009 253 1076 κατ’
274 1014 483 1096 στρεβλοόσεις
510 1017 586 1100 μετόι
621 1021 682 1083 ταῖν
703 1020 869 1102 ἀρχόντων
890 1023 991 1086 αὑτοῦ
1012 1017 1175 1086 όποκλεέε-

75 1133 138 1174 ται.
181 1109 263 1195 ἔχων
283 1107 338 1178 σόν
361 1112 378 1179 ό
400 1116 552 1202 δεσπότης
580 1123 726 1204 γνησίους
748 1132 907 1206 συγγενεῖς
927 1121 987 1186 α’πό
1011 1127 1074 1188 τῶν
1095 1125 1175 1188 ἐντί·
1388 1122 1392 1126 ’

75 1237 143 1292 μων
165 1212 329 1296 α’ρχόνταν
351 1223 407 1301 τῆς
429 1218 596 1313 περιδόξου
616 1219 857 1303 μεγαλοπόλεως
873 1227 1083 1308 Φλωρεντιάς,
1101 1223 1174 1288 α’νέ.

30 1319 196 1398 λθδρομον
217 1308 304 1380 οὗτοι
325 1321 370 1393 εἰς
390 1318 447 1402 τὴν
473 1317 630 1405 ἑταιρείαν
650 1325 705 1407 τῆς
726 1327 896 1407 Βενετέας,
918 1328 974 1388 κατ’
994 1318 1176 1408 ἐρωτήσαν-

75 1440 125 1491 τες
142 1420 218 1501 περὶ
237 1422 296 1480 τοῦ
325 1418 477 1485 δεσπότου
508 1424 652 1504 α’πῆλθον
678 1422 758 1508 πρός
780 1421 834 1486 τόν
859 1423 970 1506 βόϊλου
1002 1428 1057 1506 τῆς
1078 1423 1174 1508 νήσου

33 1565 40 1572 .
75 1520 340 1604 τοῖνΚορυφῶν,
364 1521 419 1584 καιΙ
439 1526 587 1604 ἐξέβαλον
614 1523 708 1589 αότόν
743 1525 787 1598 εἰς
819 1526 894 1587 δέκα
915 1521 1063 1607 χιλιάδας
1087 1531 1176 1612 φλοι·
1230 1513 1232 1520 ’

76 1621 153 1699 ρι’ων
174 1610 236 1681 οἷπό
260 1626 317 1683 τοῦ
337 1619 623 1705 Ἀργυροκόστρου.
668 1621 810 1708 περάσας
824 1627 930 1690 τοιύυν
950 1629 995 1700 εἰς
1014 1624 1087 1700 τοός
1104 1627 1175 1689 Ko-

74 1722 216 1804 ρυφοός,
244 1718 301 1784 ’καὶ
333 1725 500 1804 διαμείνας
530 1723 650 1807 ἡμέρας
683 1723 792 1805 τινός,
829 1727 1023 1790 α’πέπλενσεν
1048 1728 1093 1800 εἰς
1116 1723 1174 1810 τόν

27 1821 167 1921 15οἷγιάν
189 1821 351 1907 Μαόρον·
394 1826 538 1890 κάκεῖθεν
561 1823 714 1906 διαβάντα
736 1830 781 1899 εἰς
803 1824 842 1890 τό
866 1831 948 1910 μέρη
975 1829 1001 1890 Γ
1000 1829 1176 1906 ροβαλαιάς

75 1925 219 2002 ἐδέξαντο
244 1924 339 1990 αὐτόν
360 1925 524 2000 όσπασέως
546 1922 563 1988 ό
591 1928 742 2007 πενθερὸς
765 1929 867 1989 ου’τοό
887 1924 968 2007 μετό
993 1928 1052 1991 τοῦ
1073 1921 1174 2010 Σγοό-

75 2047 133 2108 ρον
156 2028 213 2089 τοῦ
234 2025 376 2112 α’δελφοό
397 2027 508 2109 αότοῦ,
531 2031 587 2091 καί
607 2028 755 2110 εἰσῆλθεν
771 2023 858 2108 έντός
880 2031 936 2108 τῆς
957 2025 1077 2102 πόλεως
1090 2021 1173 2110 Ἄρ.

73 2152 144 2211 της·
187 2120 253 2191 εἶτα
273 2129 352 2212 πρός
372 2128 430 2211 τόν
452 2127 543 2192 πόλιν
563 2130 822 2194 τῶνἸυιαννόνων
844 2131 1097 2214 παραπέμπεται.
1120 2133 1174 2194 έν·
1210 2137 1213 2145 ‘

73 2234 181 2296 ταῦθα
205 2232 352 2313 εἰσῆλθεν
373 2233 503 2295 Ἰουλίου
529 2231 577 2302 17,

26 2340 66 2398 20
165 2326 250 2411 Ἔτει
284 2335 319 2398 δέ
344 2333 448 2413 0908,
470 2334 659 2408 ἰνδικτιιόνος
681 2337 720 2419 8,
760 2331 821 2397 οἷπό
855 2333 1060 2415 δέιΧριστοῢ
1084 2333 1173 2415 1400,
1222 2375 1225 2382 1

59 2408 259 2518 ’Ἀπριλλίου
297 2436 356 2511 28,
389 2431 493 2521 ἡμέρη
515 2434 594 2513 4,ό
623 2435 775 2531 δεσπότης
797 2436 937 2519 α’πῆλθεν
958 2438 1078 2497 ἐκεῖθεν
1098 2431 1175 2517 πρός

73 2536 113 2599 τό
135 2538 289 2617 μέλλοντα
304 2594 307 2599 .
321 2536 547 2620 δικαιωτὴρια,
580 2534 636 2600 καί
660 2539 842 2621 παραυτίκα
870 2530 1049 2621 όόδελφός
1073 2532 1174 2599 αότυῦ

73 2641 213 2724 Σγοόρος
245 2634 302 2720 riv
316 2627 438 2723 ’Ἀρταν
466 2633 724 2725 παραλαμβάνει.
774 2638 849 2718 μετ’-
869 2633 976 2719 όλόγας
999 2637 1033 2700 δὲ
1053 2630 1174 2720 ἡμέρας

75 2971 104 3016 et
121 2961 303 3033 Argyrocastri
331 2968 359 3013 et
384 2959 474 3028 magni
492 2958 595 3025 Zagorii
624 2958 761 3026 profectos
781 2964 821 3007 est
848 2969 934 3023 osque
961 2951 995 3002 ad
1016 2951 1173 3021 Mesopota·

72 3053 155 3087 mum·
193 3035 266 3086 unde
284 3050 343 3094 com
362 3032 397 3081 ad
424 3027 559 3099 regionem
579 3030 679 3080 Dibrae
699 3029 813 3078 transire
834 3025 932 3087 veliet,
954 3024 987 3074 iia
1006 3020 1103 3073 accidit
1121 3038 1173 3073 ne-

72 3107 138 3158 bula
158 3114 294 3158 civeniae
315 3112 343 3155 e't
362 3105 463 3154 Giones
484 3120 530 3152 eoa
548 3109 655 3152 secutos
682 3097 804 3155 funditus
823 3097 913 3163 vincit,
934 3104 1017 3165 atque
1036 3094 1094 3145 eine
1114 3109 1172 3143 ma-

72 3180 154 3230 nibus
173 3178 297 3229 dominus
316 3174 433 3225 traditos
453 3182 501 3235 est,
521 3173 565 3223 die
578 3172 607 3236 4,
626 3171 723 3221 mensis
745 3170 843 3237 Aprilis
859 3167 902 3218 dic
922 3165 947 3229 9,
970 3174 998 3217 et
1018 3167 1045 3216 in
1064 3162 1172 3216 vincula

73 3258 101 3303 et
118 3252 252 3303 cruciatus
271 3264 331 3297 cum
354 3244 522 3315 principibus
540 3245 595 3294 sois
614 3242 702 3294 datur.
748 3244 806 3291 c'om
827 3242 909 3307 igitur
927 3238 1053 3309 dominus
1072 3253 1172 3306 cogno.

70 3329 114 3373 tos
135 3322 254 3388 insignes
277 3336 309 3369 ex
328 3316 467 3368 nobilibus
482 3314 651 3385 principibus
673 3312 746 3363 orbis
764 3313 926 3363 clarissimae
947 3310 1100 3361 Florentiae
1121 3308 1173 3359 ha-

69 3393 159 3455 beret,
179 3393 207 3443 hi
226 3390 260 3441 ad
278 3391 378 3440 amicos
398 3390 529 3439 Venetiae
547 3387 742 3452 confugerunt,
761 3391 865 3435 einum
887 3382 1048 3433 sententiam
1068 3379 1102 3432 de
1121 3380 1171 3431 do·

68 3466 145 3515 mino
166 3472 319 3530 rogassent,
343 3462 377 3511 ad
396 3461 512 3528 legatum
534 3461 637 3510 insulae
659 3458 790 3521 Corcyrae
820 3455 946 3505 abierunt
966 3461 992 3503 et
1011 3469 1059 3522 pro
1077 3448 1171 3504 decem

70 3535 184 3586 milibus
203 3550 345 3584 aureorum
374 3549 406 3584 ex
426 3535 613 3599 Argyrocastro
641 3545 701 3579 eum
720 3528 878 3578 liberarunt.
916 3534 1094 3592 transgressor
1117 3524 1170 3591 igi-

73 3615 119 3657 ior
136 3607 166 3656 in
186 3605 327 3671 Corcyram
348 3613 380 3656 et.
396 3612 514 3654 moratus
536 3602 594 3653 dies
615 3600 761 3652 nonnullos
784 3594 901 3650 conciam
926 3596 1043 3646 Mauram
1062 3596 1170 3663 navigio

70 3680 179 3747 petivit,
201 3675 273 3726 uode
292 3685 479 3743 transgressum
502 3677 529 3725 in
548 3678 683 3741 regionem
704 3671 872 3722 Grobaiaeas
890 3669 955 3719 laeti
979 3684 1039 3717 eum
1052 3659 1170 3737 'accepe-

70 3757 136 3800 runt
153 3764 230 3799 eocer
250 3748 308 3799 eiua
322 3741 356 3799 'et
377 3748 476 3815 Sgorua
497 3746 585 3805 frater,
605 3754 632 3796 et
651 3745 860 3794 intravitArtam
883 3739 984 3799 orbem,
1004 3738 1104 3791 deinde
1125 3756 1171 3790 ur-

69 3822 134 3872 bem
153 3820 312 3871 loannioam
331 3820 468 3886 proiectus
487 3827 537 3878 eat,
559 3825 586 3867 et
604 3818 671 3867 illuc
690 3814 733 3865 die
758 3814 787 3865 17
816 3814 912 3864 mensis
932 3812 992 3861 lolii
1016 3810 1135 3861 advenit.

101 3924 107 3938 ι
172 3893 250 3943 Anno
269 3889 348 3953 6908,
368 3890 524 3945 indictionis
541 3886 567 3950 8,
587 3906 613 3956 p.
634 3887 695 3939 Chr.
715 3884 834 3948 n.1400‚
854 3884 898 3935 die
918 3882 952 3936 28
971 3883 1069 3933 mensis
1091 3882 1170 3949 Apri-

68 3966 113 4026 lis,
133 3963 178 4014 die
200 3972 303 4033 quarto,
323 3970 452 4027 tyrannus
479 3961 580 4011 eahae
607 3968 675 4009 terra
697 3956 731 4008 ad
760 3957 888 4007 iudicium
909 3956 1028 4005 sotorum
1050 3954 1170 4016 accensit,

69 4036 221 4103 statimque
249 4034 349 4101 Sgurus
378 4034 460 4084 irater
480 4035 538 4084 eins
555 4034 643 4082 Artem
666 4030 776 4097 recepit.
800 4030 889 4099 paucis
909 4026 1002 4077 diebus
1024 4031 1083 4093 post
1104 4042 1169 4075 cou-

69 4117 112 4160 tra
132 4125 194 4159 eom
216 4108 334 4159 Boncoea
355 4100 789 4169 Serbaibanitoboigarovalachue
809 4099 995 4170 proficiscitur,
1011 4106 1038 4149 ει
1057 4097 1169 4163 Sgnrom

70 4181 199 4255 expellit,
220 4179 325 4235 incolas
344 4185 434 4234 autem
454 4195 487 4231 ex
506 4175 648 4237 nobilibus
667 4174 762 4228 dolose
782 4181 811 4227 et
829 4170 927 4227 callide
940 4186 1039 4229 ‚omnen
1058 4184 1169 4227 accusa-2
