2884 4775
558 208 761 281 νοιιτιοι.
1088 301 1092 310 .
1147 204 1197 275 sa

109 364 273 446 Τουρκους
303 361 338 423 έν
368 364 434 431 τοῖς
463 361 576 440 μέρεσι
606 362 663 424 τοῦ
692 360 784 441 ἁγίου
810 355 995 436 Ῥαιμανοῦ,
1016 362 1198 440 περιπατῶν

105 461 185 543 μετὰ
207 463 261 525 καὶ
283 456 396 541 ἑτέρων
410 460 584 540 ἄρχονται,
606 454 859 538 έπισιέεπτόμενοι
880 454 919 519 τοὶ
941 457 1045 540 τείχη,
1063 456 1197 542 rindorp.

104 568 167 627 σὶιν
188 552 275 648 αὐτῷ
298 564 431 639 Τσῦριιοι
460 557 514 621 κατ’
535 562 749 639 ἐπολέμησαν·
802 560 856 619 rui
880 552 1049 642 ἀπετμήθη
1067 557 1124 638 τὴν
1143 582 1198 621 νε-

106 658 215 744 φαλῆν
235 661 381 737 πολεμῶν
392 661 446 721 κατ’
456 654 499 739 μή
519 656 764 732 καταδεξάμενος
785 650 863 727 ὅλως
886 657 1096 743 δουλωθῆναι.
1119 682 1197 722 συν·

78 766 267 824 δαπέθανον
286 761 321 823 δὲ
347 756 435 845 αὐτῷ
458 760 513 821 καί
537 746 626 823 uilior
651 750 812 835 ἄρχοντες.
854 759 944 819 τοῦτο
965 758 1001 819 δὲ
1021 752 1197 837 ἐτόλμησαν

106 860 135 925 oi
156 856 325 943 Ἀγαρηνοί
348 855 558 939 ἀγνοήσαντες
579 849 627 919 ὅτι
660 851 849 933 έβασιλεύς
871 848 928 937 ἧν·
968 857 999 918 εἰ
1016 852 1077 938 γαρ
1098 852 1198 938 ἔγνω·
1242 934 1249 952 .

104 984 176 1038 σαν,
198 958 256 1022 ουίι
277 952 340 1035 ἄν,
362 950 471 1035 οἶμαι,
499 951 674 1039 ἐφόνευσαν
703 952 799 1019 αὐτὸν
828 952 909 1019 ἀλλὰ
932 956 1031 1032 ζοῖντα
1051 952 1197 1040 ἐπιάσαν,

41 1072 44 1087 ‘
104 1056 316 1137 συλλαβόντες
336 1054 603 1135 παντοιοτρόποις,
637 1054 692 1115 κατ’
712 1054 909 1137 προσέφερον
928 1056 970 1140 τῷ
989 1058 1120 1133 βασιλεῖ
1135 1053 1197 1117 ου’.

104 1163 177 1221 τοῖν.
206 1152 340 1238 ὕστερον
361 1156 396 1220 δέ
413 1155 528 1235 πολλῆς
548 1150 703 1237 ζητήσεως
724 1156 888 1235 γενομένης
909 1151 985 1232 περὶ
1002 1153 1114 1236 αὐτοῦ,
1137 1176 1197 1239 φο·

64 1257 263 1337 λοβουμένου
285 1256 339 1317 τοῦ
360 1249 535 1315 σουλτάνου
562 1250 605 1334 μὴ
627 1275 693 1325 πως
714 1255 748 1313 ἐν
778 1258 842 1325 τοῖς
864 1252 959 1327 ζῶσιν
977 1253 1047 1315 ἐστι’
1064 1250 1120 1315 nui
1137 1274 1196 1315 πο.

105 1357 233 1434 pavoris
255 1356 367 1439 νομίσῃ
388 1349 459 1415 τινὰ
480 1349 647 1433 βοήθειαν,
666 1340 762 1432 εὗρον
778 1347 838 1433 τὴν
857 1350 999 1434 κεφαλὴν
1014 1352 1123 1414 ⁴‹sairosi
1143 1355 1198 1417 καὶ

105 1449 320 1534 ἀνεγνώρισαν
349 1444 449 1532 uritis
476 1445 494 1511 ii
516 1473 548 1512 τε
570 1450 729 1531 Μάμαλις
758 1449 813 1513 κατ’
832 1448 935 1532 ἕτερον
958 1444 1121 1533 ἄρχοντες,
1143 1453 1200 1517 xer*

104 1548 208 1623 οὕτως
226 1547 347 1615 ἔπαυσε
371 1551 428 1613 τοῦ
450 1547 563 1635 φόβου.

191 1647 257 1731 Τήν
283 1652 319 1714 δὲ
338 1647 446 1731 χαράν
470 1644 568 1733 ἥνπερ
590 1646 684 1732 ἔσχεν
711 1647 909 1733 ὄαέθέντης
928 1648 999 1715 τότε
1020 1648 1038 1713 o‘
1059 1654 1198 1728 σουλτιῖ-

64 1768 167 1828 νᾶνος,
189 1752 236 1823 τίς
260 1748 439 1832 διηγήσεται
447 1775 458 1828 ,·
488 1745 574 1830 ioipu
600 1748 662 1831 γὰρ
697 1744 746 1815 ὅτι
778 1752 897 1830 ἐγένετο
921 1750 1030 1831 κύριος
1052 1751 1197 1815 τοιούτου

103 1849 240 1931 κάστρου
261 1846 401 1930 μεγάλου
424 1852 480 1912 καί
507 1846 696 1931 περιβοήτου
719 1852 775 1914 καὶ
793 1854 956 1930 iniimus,
974 1849 1030 1911 κατ’
1044 1850 1198 1929 βασιλευς

98 1947 280 2031 Ῥωμαίων,
302 1950 410 2028 κύριος
429 1950 583 2030 α’νατολῆς
614 1952 669 2012 καί
688 1946 811 2022 δύσεως
832 1942 890 2012 cdx
914 1943 1031 2030 ὀλίγης.

187 2046 425 2127 strepituum»
454 2051 489 2111 δὲ
514 2044 638 2131 ἡμερῶν
666 2052 757 2113 πέντε
778 2052 883 2130 γέγονα
905 2049 1031 2131 ζήτησις
1051 2048 1196 2129 μεγάλων

103 2145 286 2229 α’ρχόντιον·
338 2152 401 2235 κατ’,
417 2148 646 2227 καταλαβόντες
669 2146 725 2210 τὸν
754 2151 854 2227 μέγαν
875 2149 1001 2226 doinus,
1020 2146 1075 2213 τόν
1095 2154 1195 2228 μέγαν
1274 2171 1277 2177 ’

61 2250 297 2328 λθὸομέστικον,
318 2244 370 2310 τὸν
391 2248 666 2331 πρωτοστριέτορα,
681 2246 752 2311 visio
773 2250 1040 2329 Καντακουζηνοῦ
1058 2252 1115 2311 τοῦ
1133 2271 1196 2328 με·

101 2344 267 2428 σοὶζονιος,
305 2348 361 2410 καί
379 2340 493 2431 ἄλλους
527 2344 660 2422 πολλοὺς
688 2344 849 2420 {suntote
876 2340 1027 2429 ἄρχοντας
1058 2348 1194 2430 εὐγενεῖς
1205 2358 1238 2412 13

101 2446 351 2534 α’πεκεφοὶλισαν
375 2447 499 2524 αὐτούς.
552 2451 611 2512 τοῦ
636 2451 671 2512 δὲ
697 2448 835 2532 μεγάλου
866 2447 981 2522 δουκός
1008 2447 1083 2523 τούς
1104 2445 1195 2526 υἱούς

102 2695 224 2750 ruerunt,
244 2703 297 2757 qua
317 2694 392 2756 parte
419 2685 444 2736 S.
463 2687 575 2737 Romani
598 2694 675 2754 porta
694 2695 754 2750 est,
773 2686 867 2738 obibat
883 2687 999 2748 moenia,
1019 2687 1077 2755 ipse
1096 2695 1124 2739 et
1144 2689 1192 2740 alii

101 2773 248 2828 proceres,
268 2755 429 2826 inspiciendi
456 2773 543 2808 carisa.
580 2765 644 2808 tunc
661 2757 765 2808 obviarn
794 2758 857 2808 facti
876 2756 965 2809 hostes
983 2775 1099 2827 pugnam
1118 2776 1193 2810 com-

101 2829 251 2890 miserunt,
287 2830 316 2878 in
344 2845 396 2901 qua
425 2836 507 2898 caput
533 2829 557 2878 ei
584 2829 732 2896 praecisum
763 2837 804 2880 est
831 2830 961 2897 pugnanti
988 2837 1015 2879 et
1035 2831 1193 2899 neutiquam

101 2901 259 2951 servitutem
278 2897 368 2949 subire
388 2899 499 2949 volenti.
545 2899 730 2950 occubuerunt
756 2916 808 2950 una
823 2907 850 2949 et
868 2900 915 2948 alii
933 2898 1040 2949 nobiles
1059 2902 1194 2968 primarii·

101 2989 154 3041 que
175 2971 236 3020 viri.
272 2969 299 3019 id
319 2970 417 3020 sactum
435 2969 499 3020 inde
515 2970 588 3040 quod
607 2971 764 3036 ignorarunt
783 2971 969 3038 imperatorem
983 2969 1098 3032 barbari,
1118 2972 1193 3022 ulio-

101 3043 186 3112 quin,
211 3050 240 3091 ut
257 3057 315 3090 inea
338 3041 390 3090 fert
408 3041 520 3108 opinio,
537 3039 610 3090 haud
629 3040 813 3101 interfecturi,
832 3039 889 3100 sed,
908 3056 1018 3109 quoquo
1037 3041 1117 3092 modo
1138 3059 1191 3110 po-

100 3113 227 3173 tuissent,
247 3111 335 3160 vivum
354 3113 382 3161 ln
401 3119 564 3180 potestatem
585 3110 717 3161 redacturi
739 3119 766 3162 et
778 3128 832 3160 suo
852 3110 906 3176 regi
926 3109 1076 3162 adducturi.
1096 3121 1192 3180 poste·

100 3185 155 3233 rius
176 3199 241 3232 vero
263 3181 387 3248 diligenti
419 3181 684 3250 inquisitione'sacta
715 3180 1012 3248 (metuenteuidelicet
1030 3182 1137 3234 sultano
1155 3201 1191 3235 ns

100 3255 171 3304 l'orte
191 3252 279 3303 adhuc
297 3254 325 3302 in
344 3253 411 3303 vivis
426 3261 495 3302 esset
509 3249 703 3320 profectusque¹
714 3252 822 3302 auxiliis
842 3251 968 3303 alicunde
987 3251 1110 3304 adductis
1131 3253 1192 3305 bel.

99 3326 154 3375 lum
188 3329 345 3390 renovaret)
362 3325 524 3374 inuenerunt
543 3329 624 3391 caput
635 3323 716 3386 eius,
736 3323 882 3374 aldamale
899 3324 1015 3392 aliisque
1033 3325 1190 3394 proceribus

82 3397 228 3464 agnitum.
265 3402 329 3445 tunc
348 3411 362 3444 a
382 3404 455 3445 metu
474 3393 522 3444 illo
540 3392 652 3445 destitit
1071 3424 1073 3430 ,
1217 3402 1222 3408 '

170 3482 307 3550 Quantam
326 3489 415 3532 autern
438 3481 567 3532 laetitiam
588 3497 603 3532 e
623 3481 734 3532 uictoria
760 3489 815 3531 tarn
835 3481 934 3532 illustri
954 3481 1083 3532 barbarus
1105 3498 1187 3551 espe-

97 3554 152 3615 rit‚
187 3554 248 3622 quis
268 3551 355 3602 verbis
375 3551 543 3621 eloquatur?
570 3551 682 3604 videbat
707 3554 729 3602 is
754 3569 782 3603 ss
809 3561 884 3603 tauta
904 3550 986 3615 urbe,
1013 3561 1066 3603 tam
1085 3553 1188 3622 ubique

97 3626 169 3674 clara
189 3633 217 3674 et
237 3621 335 3685 nobili,
354 3631 409 3674 tam
428 3623 533 3686 eximia,
552 3625 684 3692 potitum:
703 3625 755 3673 iarn
777 3639 864 3689 regern
884 3625 1031 3675 Romanum
1051 3641 1082 3674 ac
1099 3624 1188 3675 domi-

96 3714 161 3747 num
183 3695 305 3746 Orientis
324 3711 375 3746 uec
394 3711 489 3764 purvae
508 3695 591 3762 partis
612 3691 766 3745 Occidentis
787 3693 886 3743 lactum
909 3709 976 3743 esse.

186 3792 250 3842 Post
269 3792 390 3860 quinque
409 3778 468 3842 dies
483 3790 601 3909 1piratesiti
617 3798 679 3840 sunt
700 3790 749 3840 viri
770 3788 898 3850 illustres,
920 3788 1126 3856 comprehensus
1148 3798 1188 3842 est

97 3878 211 3928 maguus
231 3861 286 3912 dux
304 3870 332 3912 et
352 3878 462 3928 coagnus
502 3861 645 3912 olnesticus
665 3868 692 3910 et
713 3867 909 3928 protostrator,
928 3861 1092 3929 imperatorii
1111 3878 1188 3911 cura-

95 3933 162 3983 toris
175 3933 355 3983 Cantacuzeni
369 3926 448 3991 filius,
460 3930 562 4000 aliique
573 3930 733 4000 complures,
751 3930 916 3999 amplissimo
930 3947 1027 3997 genere
1043 3940 1070 3980 et
1089 3932 1187 3983 virtute

95 4002 286 4074 dignitateque
316 4004 412 4052 exiruis
434 4003 572 4072 conspicui
591 4002 654 4062 viri,
674 4003 720 4070 qui
740 4001 834 4070 capitis
855 4002 987 4069 supplicio
1006 4003 1093 4052 affecti
1115 4012 1185 4054 sunt.

94 4077 185 4144 μιαραὶ
200 4084 290 4126 autem
304 4075 378 4126 ducis
392 4073 461 4125 filios
472 4075 500 4125 in
514 4081 659 4144 conspectu
672 4073 757 4142 ipsius
768 4072 929 4140 iugularunt.
951 4074 998 4124 uni
1009 4081 1124 4136 tanturn,
1139 4073 1185 4145 qui
