2884 4775
460 227 779 329 rrrnrsncfflcr.
956 238 957 243 ν
1098 226 1167 296 187

151 370 189 441 ‘O
211 374 355 450 ταπεινὸς
377 362 544 450 ἐπίσκοπος
571 378 712 458 Μίτρων
734 374 788 439 καὶ
806 370 955 458 Ἀθάρων
977 373 1171 463 Προκόπιος,

72 474 157 559 ἔχων
179 478 236 537 καί
253 470 310 555 τὴν
335 473 461 556 γνάμην
482 476 538 537 τοῦ
560 471 790 558 Μσριοφάιοο.

98 562 119 579 ”
151 573 185 637 Ὁ
207 572 353 645 ταπεινὸς
374 575 602 655 μητροπολίιης
621 574 814 655 Καστωρίας
834 574 984 656 Ίωάσαφ,
1004 576 1060 635 καῖ
1081 598 1170 655 πρω-

71 671 224 755 τόθρονος
243 668 346 753 πάσης
367 674 578 756 Βονλγαρίας,
598 667 680 734 dunis·
702 676 757 735 καί
776 673 842 760 ἰδίη
863 674 951 753 χειρί
969 668 1149 753 άπέγραψα.

44 778 64 831 5
152 770 190 834 Ὁ
212 767 361 843 ταπεινάς
388 766 555 844 ἐπίσκοπος
575 773 810 855 Στρσνμνίτζης
840 770 987 846 Ἁνανίας
1016 766 1095 833 ἐκάν
1117 756 1172 836 καί

73 870 141 955 ἰδίᾳ
164 870 263 953 βουλῇ
296 866 478 949 ἐπέγραψα.

152 966 189 1032 Ὁ
205 962 351 1039 ταπεινάς
373 968 540 1042 ἐπίσκοπος
561 968 739 1031 Μελενίκοσ
762 968 948 1049 ὑπέγραψα.

160 1164 253 1233 Τέλος
275 1161 336 1222 τῶν
355 1141 552 1241 ὑπογραφῶν
572 1159 635 1219 κάν
658 1155 832 1239 α’ρχιερίων
853 1158 908 1238 τῆς
923 1150 1088 1239 άναιολῆς,

310 1265 366 1345 τῆς
389 1260 510 1338 δύσεως
524 1264 580 1325 καί
599 1266 657 1355 σῆς
677 1260 930 1344 Πελοποννήσου.

26 1418 69 1470 10’
147 1401 247 1467 Ὡσάν
279 1394 335 1465 οὖν
353 1403 537 1487 ε’καθηρέθη
569 1396 586 1463 ὅ
615 1398 711 1474 αοίάς
742 1402 831 1483 κάρις
853 1396 1001 1484 Ἰωάσαφ,
1024 1398 1168 1484 ἐσηκάθη

71 1501 134 1565 άπὸ
159 1504 218 1563 τοῦ
237 1500 373 1581 θρόνου,
403 1499 458 1561 καί
483 1497 580 1578 ἔκαμε
601 1500 769 1579 μετάνοιαν
798 1502 860 1562 τῶν
884 1501 1058 1581 α’ρχιερέων
1080 1495 1166 1575 δεξιά

70 1601 126 1663 καί
147 1594 310 1680 άριστερά,
330 1596 386 1660 καί
405 1594 506 1672 οὕτως
527 1599 657 1679 εάγῆκεν
679 1598 741 1659 α’πὸ
767 1595 824 1678 την
844 1597 982 1679 μεγάλην
1001 1599 1167 1679 ἐκκλησίαν

71 1698 126 1762 καί
145 1696 262 1778 ὑπῆγεν
296 1699 341 1770 εἰς
370 1696 409 1758 τά
440 1696 574 1778 σ’σπήτια
595 1699 715 1777 αὐτοῦ,
744 1694 825 1758 sineri
846 1690 931 1777 εἶχεν
954 1696 1166 1778 α’γορασμένα,

71 1800 129 1861 καί
155 1797 295 1861 ἐκάθισε.
351 1798 405 1858 καί
440 1801 497 1877 τῆς
531 1789 618 1876 άρας
650 1789 762 1877 εάγῆκε
790 1796 907 1875 reddtis
942 1797 997 1855 καί
1031 1791 1167 1873 σκλάβος

26 1912 61 1963 15
72 1898 185 1960 άπάνω
208 1898 275 1978 rosi,
299 1899 354 1958 καί
375 1897 524 1972 ἐξέταξαν
549 1894 661 1956 αὐτόν·
711 1896 765 1956 καί
787 1892 945 1973 ἐπλήρωνε
962 1895 1065 1954 ἐκεῖνα
1087 1887 1166 1954 duod
1207 1906 1209 1917 ’

71 1990 157 2077 εἶχεν
179 1992 339 2075 ἔπαρμένα
363 1995 479 2067 α’άίκως
499 1996 560 2054 ταῖν
581 1994 757 2073 α’ρχιερὲων
778 1997 832 2054 καί
851 1986 955 2055 άλλων
977 1988 1164 2070 ἱερωμένων.

70 2096 125 2156 καί
144 2093 315 2176 ἐπληρώθη
337 2093 381 2167 εἷς
404 2089 547 2154 αὐτὰντὸ
572 2088 668 2174 ῥητὸν
688 2092 746 2152 τοῦ
767 2089 857 2153 θείου
872 2090 977 2169 Δαβίδ
997 2089 1165 2172 ιιἐπιστρέ-

71 2209 130 2274 ψει
153 2190 169 2253 ὅ
191 2190 281 2265 πόνος
305 2192 407 2254 αὐτοῦ
429 2192 474 2263 εἰς
493 2188 550 2273 τὴν
571 2186 713 2273 κεφαλην
744 2192 862 2252 adrosi''
883 2193 938 2252 καί
957 2186 996 2252 τά
1019 2187 1102 2271 ἑξῆς.

148 2285 255 2370 Ὅμως
280 2287 307 2353 οἱ
330 2292 500 2374 α’ρχιερεῖς,
520 2287 600 2368 μετά
622 2286 680 2371 τὴν
694 2294 881 2370 καθαίρεσιν
901 2290 1023 2370 τούτου,
1046 2286 1167 2369 ἐκαμαν

25 2390 207 2459 tondendos
229 2391 284 2454 καί
305 2388 459 2454 ἐκάθισαν
492 2384 575 2470 ὅμσῢ
597 2394 673 2453 καθ’
697 2387 770 2462 ἕνας
790 2386 867 2454 κατά
890 2387 945 2452 τὸν
961 2391 1090 2471 βαθμὸν
1110 2393 1168 2454 τοῦ

143 2663 172 2714 Ε.
190 2663 218 2712 h.
237 2679 261 2713 e.
282 2663 430 2715 Metrorurn
459 2671 487 2714 et
505 2663 667 2732 Athyrorum
686 2665 848 2734 Procopius,
872 2665 1039 2734 astipulante
1058 2681 1168 2737 quoque

72 2733 298 2802 Myriophytensi.
545 2761 549 2768 -
734 2775 741 2782 .

144 2821 173 2871 Ε.
193 2820 220 2870 Ιι.
250 2820 439 2888 metropolita,
456 2819 592 2870 Cnstorins
622 2820 787 2890 lonsnphus,
816 2829 843 2872 et
869 2820 1065 2880 Protothronus
1084 2821 1167 2874 totius

74 2891 228 2967 Bnlgsrine,
247 2892 341 2942 volens
359 2907 419 2940 mes
437 2907 516 2940 manu
536 2891 691 2959 subscripsi.

119 2979 172 3064 Ε
190 2978 217 3030 h.
236 2979 378 3048 episcopus
406 2976 586 3029 Strumnitzae
610 2978 727 3030 Ananias
758 2977 853 3030 volens
878 2993 938 3030 meo
969 2978 1083 3029 consilio
1102 2977 1188 3060 sub-4
1237 2961 1244 2968 ⁵

116 3067 178 3101 rer.
272 3095 279 3102 .

73 3067 114 3102 ³⁰¹
127 3068 171 3188 pE.
190 3136 218 3188 b.
238 3138 381 3206 episcopus
396 3136 526 3188 Melenici
543 3133 698 3204 subscripsi.

122 3267 127 3274 ἡ
144 3297 279 3350 Hactenus
301 3297 511 3367 subscriptiones
532 3297 682 3348 antistitum
702 3294 820 3348 Orientis
847 3303 875 3348 et
894 3295 1051 3352 Occidentis
1071 3305 1099 3349 et

527 3384 717 3453 Peloponnesi.

148 3496 204 3547 lloc
229 3495 310 3547 modo
332 3511 438 3546 eversus
462 3496 645 3564 patriarchatu
676 3495 823 3566 lonsaphus
851 3497 968 3548 surrexit
991 3496 1025 3547 de
1043 3496 1104 3548 loco
1122 3495 1169 3547 ubi

72 3567 190 3626 sederet,
210 3573 238 3616 et
256 3569 432 3617 reverentiam
446 3567 620 3634 pontificibus
636 3566 769 3628 exhibuit,
790 3566 959 3618 dextrorsum
972 3568 1169 3619 sinistrorsum·

72 3655 128 3708 que
148 3640 299 3686 conversus.
328 3643 393 3688 tunc
420 3653 547 3704 emognn
570 3639 685 3688 ecclesie
705 3654 824 3705 egressus
852 3637 881 3687 in
900 3654 960 3688 suas
978 3637 1071 3689 domos
1090 3636 1168 3701 abiit,

72 3715 281 3778 queremur,
309 3706 404 3775 ibique
424 3709 532 3757 mensit.
578 3724 640 3758 mox
658 3708 726 3758 exiit
745 3708 826 3758 iudex
845 3713 871 3758 et
889 3724 988 3771 servus,
1006 3710 1168 3759 conveniens

72 3782 171 3848 ipsum.
209 3775 237 3825 bi
255 3777 372 3828 rationes
393 3777 426 3828 ab
449 3794 481 3827 eo
502 3779 621 3844 pecuniis
637 3778 795 3848 repetundis
815 3787 1004 3846 poposcerunt.
1024 3787 1088 3829 tunc
1106 3795 1168 3847 per-

72 3850 157 3900 solvit
178 3863 248 3916 qune
268 3847 369 3898 iniuste
388 3846 537 3898 abstulerat
554 3849 726 3916 pontificibus
753 3848 869 3917 aliisque
889 3850 954 3899 sacri
973 3848 1077 3901 ordinis
1097 3849 1169 3899 viris.

71 3921 112 3971 its
131 3919 272 3987 impletum
292 3935 373 3986 super
399 3934 432 3968 eo
460 3919 513 3970 suit
529 3917 581 3968 boc
608 3920 719 3971 Doridis
749 3926 917 3972 “revertetur
934 3919 963 3970 in
982 3929 1065 3990 ceput
1085 3920 1169 3987 ipsius

72 3983 258 4052 labor'suus‚¹’
276 3997 305 4048 et
322 4005 392 4059 quse
410 3989 449 4040 ibi
468 3997 627 4058 sequuntur.

6 4088 7 4176 η
53 4145 65 4158 ,
145 4079 252 4130 Peracta
273 4076 427 4129 deiectione
445 4078 519 4130 illius
538 4077 682 4129 concilium
702 4095 716 4128 a
736 4077 911 4147 pontificibus
931 4085 1053 4156 coactum
1073 4084 1122 4142 est,
1140 4077 1169 4127 in
