2884 4775
253 217 329 286 νοο
491 201 501 209 ’
705 215 903 284 nrsroun

337 379 409 442 Καί
429 373 483 461 aiau
503 370 631 456 ἔμαθον
658 373 962 457 οῖ’δποτεταγμὲνοι
989 376 1042 458 τῆς
1064 372 1229 454 βασιλείας
1252 370 1365 453 aare&

189 541 195 556 ,
253 479 407 543 αδδίνται
428 480 483 542 καί
506 475 536 541 oi
556 467 648 540 άλλοι
680 480 769 562 φιλοι
803 478 858 558 τῆς
894 475 993 540 αὐτοῦ
1023 476 1187 554 βασιλείας
1218 466 1266 538 ότι
1289 476 1363 548 νέος
1435 469 1436 478 ’

250 577 403 662 βασιλεὺς
422 580 558 661 ἐγένετο,
584 573 729 642 ἔστειλαν
751 578 1010 661 άποιιρισιαρίους
1036 574 1114 658 μετά
1136 571 1366 658 μεγάλωνκαί
1435 585 1436 598 ’

253 681 436 760 πολυτίμων
458 676 590 763 διόρων,
625 682 682 744 καί
712 676 952 763 ἒπροοκόνησαν
984 674 1099 743 ου’τόν·
1154 679 1214 740 ναί
1236 675 1364 760 ἐδέχθη

253 767 372 855 α’δτοάς
391 778 470 861 μετὰ
492 777 629 863 μεγάλης
653 777 801 862 άγάπης,
833 777 888 841 καί
906 772 1122 862 ηὖχοιρίστηοε
1155 781 1216 842 τῶν
1237 777 1391 840 στάθεν-5

252 883 317 945 τῶν
338 881 446 943 ου’τῶν
467 878 579 955 πολλά,
605 875 714 944 ἰδόντα
738 875 796 962 την
818 879 1010 963 δουλοσύνην
1034 878 1151 942 αὐτῶν.
1195 875 1212 940 ό
1236 879 1271 941 δὲ
1294 902 1365 939 τια-
1435 945 1436 966 η

252 973 408 1063 τριόρχης
429 977 537 1060 λαβών
568 976 604 1044 τό
626 981 865 1062 διατεταγμένον
898 982 1061 1047 πεσιιίσιον
1093 969 1161 1063 ἦτοι
1185 979 1363 1056 κανίσκιον,

253 1077 312 1154 τάς
333 1077 391 1141 δόο
407 1081 556 1162 χιλιάδας
575 1079 615 1145 τά
639 1082 786 1165 φλωρίοι,
811 1075 912 1165 ὑπῆγε
932 1082 987 1145 καί
1005 1079 1233 1164 ε’προσκόνησεν
1256 1076 1364 1142 ου’τόν

255 1177 310 1243 καί
332 1177 389 1262 τὴν
410 1188 525 1262 χεῖρον
547 1182 648 1244 orituri
678 1181 852 1266 ἐφίλησεν,
875 1176 917 1254 τός
940 1176 1009 1243 ἔναι
1033 1179 1186 1260 συνήθεια
1207 1181 1275 1242 τῶν
1300 1205 1364 1242 πα-

255 1282 419 1365 τριαρχάν
429 1278 483 1343 καί
497 1277 532 1345 τό
543 1281 723 1362 μπαράτιον
743 1280 846 1345 advari
868 1281 1075 1363 ἐβεβαίωσεν,
1098 1272 1173 1361 ὅπερ
1196 1281 1255 1342 τοῦ
1276 1274 1364 1342 ἔδω·
1375 1291 1406 1343 10

256 1377 343 1444 κενά
363 1375 535 1443 οἷποθανιόν
557 1379 658 1464 πατὴρ
672 1381 783 1456 orituri,
798 1377 1095 1463 σουλτάνΣελήμης.
1116 1376 1171 1441 καί
1186 1372 1284 1463 δρισε,
1307 1377 1366 1442 καί

256 1476 379 1544 ἔδωκαν
399 1478 499 1543 advari
519 1477 575 1543 καί
586 1472 681 1544 ἄλλον
708 1483 778 1544 νέον
794 1479 983 1564 μπαράτιον,
1005 1472 1055 1542 ότι
1072 1475 1153 1542 κατά
1174 1475 1231 1560 την
1253 1480 1364 1542 πίστιν

257 1601 314 1642 του
329 1577 367 1643 νά
381 1577 479 1660 ὁρίζει
495 1581 552 1642 καί
560 1581 599 1643 νά
616 1582 714 1661 κρίνει
727 1583 956 1665 μητροπολίτας
972 1577 1241 1669 άρχιεπισκόπους
1263 1573 1363 1661 ἱερεῖς
1388 1648 1394 1654 p

257 1677 314 1742 καί
332 1682 439 1744 πᾶσαν
461 1673 629 1764 άνθροοπον
660 1678 818 1761 Ῥωμαῖον
852 1677 906 1744 καί
925 1677 1088 1764 ἐκκλησίας
1122 1677 1177 1740 καί
1196 1676 1362 1760 μοναστή-
1435 1745 1436 1776 η

258 1805 336 1866 ρια·
378 1779 434 1843 καί-
460 1773 567 1855 δποιος
598 1783 683 1867 φανῇ
717 1777 859 1855 ἐναντίος
886 1784 944 1843 τοῦ
971 1785 1155 1863 μπαρατίου
1186 1780 1297 1854 αὐτοῦ,
1322 1777 1360 1842 νά
1374 1796 1404 1848 15
1435 1829 1436 1860 .

258 1881 447 1948 παιδεύεται
467 1883 612 1964 μεγάλως
649 1878 736 1966 πυρά
759 1886 814 1965 τῆς
846 1882 947 1945 ου’τοῦ
976 1883 1150 1961 βασιλειάς.
1193 1879 1302 1958 λαβὼν
1328 1881 1364 1943 δὲ
1435 1883 1436 1948 ζ

257 1980 291 2049 τό
311 1980 474 2063 βασιλικόν
494 1979 676 2066 μπαράτιον
700 1980 942 2067 ό.πατριάρχης
963 1983 1142 2059 καθέζεται·
1156 1983 1201 2055 εἰς
1220 1977 1276 2044 τόν
1298 2005 1363 2043 πα-

257 2082 443 2169 τριαρχιιιδν
467 2085 583 2168 θρόνον
606 2083 707 2148 τιν’τοῦ
731 2083 774 2159 ὦς
797 2079 905 2167 κύριος
927 2085 982 2146 καί
1005 2077 1157 2164 δεσπότης
1177 2085 1233 2165 τῆς
1255 2080 1362 2144 οἰκου-

256 2183 363 2267 μένης,
388 2187 442 2248 καί
461 2188 558 2268 κρίνει
585 2182 639 2248 καί
659 2183 838 2270 άποφάσεις
859 2191 959 2246 ποιεῖ·
1013 2169 1068 2245 καί
1089 2183 1178 2261 τίμια
1201 2204 1363 2266 πατριάρ-

256 2283 333 2369 χικά
355 2285 530 2370 γράμματα
561 2282 591 2349 οἱ
612 2288 807 2369 Χριστιανοὶ
838 2287 987 2365 ἑπὲρνουν
1019 2284 1065 2358 εἰς
1097 2282 1156 2356 τάς
1187 2281 1402 2359 δποθὲσειςγρ

223 2456 231 2464 ,
259 2388 378 2466 αδτοδν,
402 2383 458 2450 καί
479 2383 575 2469 ἔχουν
601 2383 638 2451 τό
668 2390 798 2470 βέβαιον
828 2386 872 2461 εἷς
895 2379 970 2471 όλην
991 2381 1046 2467 τὴν
1068 2386 1262 2467 οἰκουμένην.
1306 2387 1363 2446 καί

260 2480 342 2551 sitia
362 2481 458 2568 ὅμοιοι
479 2495 569 2550 ποιεῖ
592 2485 673 2552 κατά
704 2486 761 2571 την
792 2490 975 2553 δεσποτείαν
1004 2488 1059 2551 καί
1082 2486 1228 2561 ἐξουσίαν
1260 2475 1359 2567 ἥνπερ

261 2582 356 2669 ἔχουν
378 2584 407 2650 οἱ
429 2584 640 2672 πατριάρχαι.
671 2628 676 2637 =
974 2582 978 2587 ¹

331 2786 397 2839 Cum
415 2796 503 2840 autem
522 2790 592 2841 cives
611 2789 718 2859 imperii
740 2789 807 2849 eius,
826 2788 878 2840 viri
895 2788 1032 2857 principes
1055 2788 1158 2857 aliique
1177 2786 1248 2837 bene
1270 2787 1360 2837 affecti

261 2875 323 2927 erga
340 2862 510 2913 maiestatem
528 2862 595 2921 eius,
622 2860 810 2929 cognovissent
836 2876 935 2913 novum
963 2875 1051 2925 regem
1076 2861 1258 2919 indurueras,
1278 2858 1360 2909 mise-

260 2940 324 2983 runt
341 2933 444 3001 legatos
475 2950 534 2984 cum
551 2934 654 3000 magnis
682 2941 710 2984 et
740 2932 865 3002 pretiosis
893 2930 1066 2991 muneribus,
1092 2932 1115 2981 ei
1148 2930 1313 2999 gratulatum
1332 2937 1359 2980 ct

260 3002 457 3055 subiectionem
474 3022 549 3056 suam
569 3004 746 3056 declaratum.
784 3020 851 3074 quos
871 3004 917 3053 ille
937 3002 1146 3053 clementissime
1165 3002 1279 3069 accepit,
1301 3018 1358 3051 ma·

260 3091 326 3143 guas
345 3076 502 3144 proceribus
523 3076 579 3127 illis
601 3078 699 3143 gratias
717 3092 808 3143 agens,
827 3091 886 3124 curn
906 3090 952 3125 eos
967 3075 1005 3125 ita
1026 3075 1162 3125 maiestati
1181 3088 1245 3125 auae
1267 3072 1358 3123 fauto-

260 3162 312 3207 res,
331 3155 360 3197 et
379 3148 510 3197 inservire
537 3157 645 3216 paratos
669 3154 801 3198 cerneret.
849 3144 998 3215 patriarcha
1018 3162 1138 3215 quoque,
1158 3144 1292 3213 accipiens
1314 3162 1358 3195 or·

261 3216 396 3269 dinarium
415 3218 564 3285 pesceaium
590 3220 645 3269 sive
664 3218 847 3278 honorarium,
876 3216 930 3267 duo
951 3216 1027 3266 milia
1045 3216 1204 3267 ducatorum
1234 3214 1304 3266 abiit
1324 3215 1358 3265 ad
1422 3240 1426 3246 ·

259 3303 360 3355 regern,
379 3288 405 3337 ei
424 3304 453 3336 se
469 3287 616 3339 subiiciens
631 3298 659 3339 et
670 3306 744 3341 more
763 3288 939 3359 patriarchico
956 3304 1065 3338 manum
1080 3288 1138 3338 eius
1157 3287 1290 3341 osculans.
1312 3288 1358 3355 qui

261 3375 309 3408 rex
329 3364 491 3426 potestatem
517 3360 741 3422 ecclesiasticam,
771 3376 851 3430 quam
880 3359 1032 3429 patriarcha
1051 3376 1065 3408 a
1084 3366 1160 3427 patre
1180 3360 1287 3409 sultano
1309 3359 1365 3414 Se·-

261 3428 327 3478 lime
347 3438 496 3497 acceperat,
516 3428 604 3479 eidem
626 3432 812 3497 confirmavit3
833 3440 914 3501 atque
940 3432 1020 3483 etiam
1040 3447 1140 3481 novum
1161 3430 1282 3499 diploma
1301 3428 1357 3479 dari

263 3500 351 3561 iussit,
372 3509 402 3552 ut
417 3500 564 3551 secundum
584 3501 721 3568 religionis
741 3519 803 3552 suae
822 3504 1015 3572 praescriptum
1037 3502 1180 3570 imperium
1201 3509 1228 3552 et
1247 3500 1356 3551 iurisdi-

264 3572 381 3621 ctionem
409 3572 522 3624 haberet
540 3573 568 3623 in
588 3574 776 3641 metropolitas
805 3572 1022 3643 archiepiscopos
1051 3572 1202 3623 sacerdotes
1220 3580 1248 3623 et
1266 3588 1356 3623 omnes

264 3643 381 3694 Graecos
401 3643 533 3709 homiues,
553 3644 681 3695 ecclesias
699 3662 731 3695 ac
749 3645 929 3708 monasteria,
944 3645 1041 3697 'addita
1059 3644 1277 3706 commiuatione,
1298 3645 1356 3712 qui-

263 3730 369 3784 cunque
390 3713 454 3765 huic
472 3733 520 3766 siro
540 3716 682 3784 diplomati
703 3710 902 3778 adversaretur,
925 3717 955 3767 in
976 3734 1036 3767 eum
1064 3717 1218 3783 gravissime
1240 3732 1255 3765 a
1274 3716 1355 3765 maie-

263 3794 332 3837 state
350 3803 397 3835 sua
416 3786 628 3839 animadversum
649 3788 691 3838 iri.
729 3795 839 3857 accepta
857 3787 908 3837 hac
932 3789 1135 3839 confirmatione
1158 3785 1356 3857 patriarchatu

263 3858 363 3909 throno
389 3874 437 3907 suo
466 3876 538 3910 nunc
560 3859 651 3911 firmus
670 3858 760 3926 sedet;
782 3866 812 3909 nt
832 3858 955 3910 dominus
974 3868 1001 3911 et
1022 3860 1188 3928 gubernator
1209 3859 1281 3909 orbis
1304 3866 1354 3909 ter-

265 3945 317 3990 rae,
339 3927 468 3978 iudicium
487 3939 593 3984 exercet
621 3949 651 3982 ac
666 3931 819 3983 sententias
839 3932 1010 4000 pronuntiat;
1038 3931 1268 3998 honorabilesque
1295 3931 1356 3980 lite-

263 4017 304 4051 ras
322 4016 338 4049 a
358 4002 501 4053 sanctitate
522 4004 578 4054 eius
600 4012 628 4055 et
641 4003 812 4071 negotiorum
833 4020 941 4055 suorum
961 4002 1202 4054 determinationes
1213 4001 1356 4052 Christiani

176 4126 186 4141 Ι
263 4073 396 4133 efferunt,
423 4088 492 4142 quae
510 4074 562 4125 vim
591 4083 619 4126 et
640 4073 747 4144 pondus
773 4074 862 4125 ubivis
881 4084 1010 4127 terrarum
1029 4074 1139 4125 habeut.
1178 4074 1231 4123 alia
1250 4090 1357 4144 quoque

262 4141 417 4195 huiusmodi
436 4160 486 4215 pro
506 4145 700 4216 patriarchicae
719 4146 890 4201 celsitudinis
917 4150 1053 4219 potestate
1074 4143 1254 4199 administrat.
