2884 4775
479 221 804 345 eluarlncmcs.
1046 370 1049 386 Α
1117 243 1221 345 σου·

177 421 328 505 Εἴπωμεν
349 426 384 490 δὲ
406 429 461 491 καί
480 431 555 513 περί
578 432 637 494 τοῦ
659 421 756 494 άλλου
769 430 957 512 θαυμαστοῦ
971 427 1088 514 ἔργον·
1113 425 1194 496 inuri

92 523 209 608 ἔκαμεν
230 525 247 590 ὃ
269 525 364 602 ου’τός
385 529 595 614 πατριάρχης.
1135 543 1138 554 ’

176 627 424 692 Ἐκατασκεόασε
458 631 493 694 δὲ
522 633 576 695 καί
597 635 687 696 θεῖον
708 633 836 715 θρόνον,
862 638 961 717 μέγαν
982 637 1035 700 καί
1057 641 1194 716 θαυμα-

92 726 189 806 στάν,
222 727 475 811 πατριαρχικόν,
505 729 560 793 did
586 734 702 814 πολλῆς
724 738 821 814 ψιλῆς
844 737 955 818 τέχνης
970 737 1025 800 καί
1039 735 1092 798 διά
1118 741 1193 804 πολ-

67 830 159 893 ὅλων
182 826 350 913 διαφόρων
371 828 573 913 πραγμάτων.
594 831 662 914 ἔχει
681 835 718 896 δὲ
740 830 857 899 κόκαλα
881 833 1051 916 πολάτιμα,
1079 835 1194 918 ὥραιό.

94 954 191 1010 τατα,
213 920 322 1011 άσπρα
352 934 408 994 καί
442 923 523 993 ἄλλα
561 936 767 996 πολυποίκιλα
799 937 854 1018 τῆς
884 939 1012 1020 τέχνης,
1044 921 1194 1021 Ιπράσινα,

3 1080 4 1083 ,
93 1032 207 1113 μαόρα
229 1033 284 1094 καί
305 1022 400 1115 άλλης
420 1035 569 1116 θεωρίας,
592 1036 646 1096 καί
665 1031 745 1096 κατά
767 1035 880 1110 τόπους
911 1039 952 1117 μὲ
975 1034 1007 1100 τό
1030 1034 1194 1122 χροσάφη.

95 1133 152 1195 καί
171 1132 240 1194 ἐκεῖ
257 1131 337 1215 dauri
357 1133 501 1196 στένεται
534 1133 579 1208 εἷς
610 1131 706 1197 αὐτόν
737 1131 753 1194 ό
776 1138 863 1209 θεῖος
884 1138 1092 1222 πατριάρχης,
1115 1127 1196 1203 άνω-

95 1235 154 1296 θεν
174 1234 230 1316 τῆς
259 1234 350 1307 θείας
388 1233 442 1295 καί
470 1229 559 1317 ἱεράς
590 1237 688 1299 ου’τοό
713 1237 878 1320 κορυφῆς,
910 1234 978 1319 ἔχει
1006 1234 1061 1300 ’τόν
1086 1236 1196 1321 κόριον

50 1330 184 1416 λθῆμοῖν
208 1334 327 1418 Ἰησοῦν
354 1333 514 1416 Χριστόν,
535 1337 636 1416 μέγαν
663 1335 860 1419 α’ρχιερέαν,
894 1331 967 1400 όλον
988 1341 1030 1418 μὲ
1051 1336 1086 1402 τό
1110 1361 1195 1420 χρυ-

94 1431 183 1518 σάφη
204 1429 416 1518 ἱστορημένον.
467 1431 537 1498 ἔναι
558 1436 593 1498 δὲ
615 1435 649 1499 τό
682 1438 780 1519 μῆκος
802 1438 862 1516 μία
894 1434 1041 1521 σποθαμῆ
1062 1433 1193 1521 μεγάλη.
1206 1457 1256 1512 183

29 1568 32 1575 ,
95 1531 151 1595 καί
173 1541 260 1609 ποῖος
283 1536 355 1608 νοός
377 1534 548 1616 οίνθροόπου
571 1532 607 1598 νά
630 1538 754 1622 δυνηθῇ
781 1534 819 1598 νά
843 1537 1018 1624 κατανοήσῃ
1040 1533 1098 1621 την
1123 1539 1196 1619 τέχ-

95 1658 151 1718 νην
171 1633 226 1698 καί
246 1636 386 1718 θεωρίαν
421 1635 522 1698 ον’τοό
543 1641 600 1700 τοῦ
623 1633 826 1720 ὑψηλοτάτου
858 1641 1093 1721 πατριαρχικοῦ
1113 1637 1197 1722 θρό-

94 1761 172 1821 νου,
207 1729 281 1801 ὅταν
310 1733 371 1819 γάρ
408 1740 530 1819 θεωρεῖ
562 1736 657 1802 ου’τὸν
687 1736 801 1815 τινάς,
824 1735 885 1800 άπὸ
906 1737 962 1820 την
984 1738 1197 1821 λαμπρότητα,

3 1852 4 1891 λ
51 1836 178 1902 156ποῦ
201 1834 287 1919 ἔχει,
319 1839 382 1900 ταῖν
405 1839 528 1900 πολλῶν
552 1825 756 1918 ὡραιοτάτων
787 1836 981 1920 πραγμάτων
1004 1827 1106 1919 ὧνπερ
1128 1833 1198 1900 ἕναι

3 2012 4 2025 ,
95 1941 391 2017 κατασκευασμὲνος
416 1939 469 2000 καί
496 1940 686 2021 καμομὲνος,
713 1941 769 2000 τοῦ
791 1939 937 2023 φαίνεται
962 1931 1007 2001 ότι
1030 1935 1098 2002 ἔται
1121 1935 1197 2023 ῥοῦ.

3 2081 4 2088 1
92 2065 151 2123 χον
173 2037 346 2119 πολότιμον
367 2033 614 2124 χρυσοόφαντον
640 2033 928 2122 μαργαρόστρωτον
953 2036 1032 2118 μετά
1055 2041 1117 2102 τεόν
1137 2039 1198 2101 dui.

3 2142 4 2219 η
97 2145 175 2206 δέκα
198 2143 349 2205 ἐκλεκτῶν
366 2141 476 2220 λίθων,
502 2141 561 2203 τοῦ
576 2163 610 2207 ,τε
633 2141 767 2222 σαρόίον
796 2140 911 2217 παζίου
933 2137 1120 2221 σμαράγδου
1144 2131 1197 2203 οἷν·

81 2247 216 2325 ,θρακος
236 2243 417 2326 σαπφείρου
454 2238 571 2312 ἰάσποο
594 2239 749 2305 ὑακίνθου
781 2239 903 2323 οἷχάτοο
930 2239 1096 2320 α’μεθόσου
1117 2264 1198 2322 χρυ·

50 2342 230 2411 λθσολίθου
258 2343 431 2429 βηρολλίου
469 2346 524 2407 καί
561 2344 730 2427 όνυχίτοα,
761 2339 816 2406 καί
843 2341 922 2424 μετά
960 2334 1063 2407 ἄλλων
1080 2402 1082 2407 ,
1099 2348 1199 2407 πολυ-

97 2449 198 2525 τίμων
221 2446 322 2509 λίθων
344 2440 495 2507 ἐκλεκτῶν
516 2442 571 2507 καί
591 2440 824 2529 λαμπροτάτων
845 2448 898 2507 καί
915 2445 1063 2528 φαίνεται
1082 2442 1200 2525 einard-

96 2567 185 2628 τερος
208 2546 263 2609 καί
281 2546 500 2628 λαμπρότερος
523 2542 585 2609 α’πό
607 2541 679 2609 όλον
699 2540 866 2609 τόνναόν.
910 2541 977 2625 ἔχει
1001 2546 1036 2610 δὲ
1066 2540 1201 2625 αότόςό

97 2649 184 2722 θεῖος
204 2644 321 2731 θρόνος
342 2646 387 2721 εἰς
401 2641 434 2710 τό
449 2646 505 2710 ἕνα
518 2651 614 2731 μέρος
634 2649 693 2729 μία
706 2646 846 2731 μεγάλην
858 2644 932 2729 οἱγία
955 2642 1060 2710 εἰκόνα
1083 2640 1201 2731 cipetu-

170 2899 296 2951 Dicamns
318 2916 392 2951 nuuc
411 2900 493 2951 etiam
512 2899 547 2951 de
567 2900 622 2952 alio
644 2898 761 2969 mirabili
782 2915 878 2968 opere3
904 2899 978 2969 quod
996 2898 1066 2951 idem
1086 2901 1200 2969 patriar.
1290 2948 1293 2957 ,

98 2970 150 3021 cha
169 2971 243 3023 fecit.

170 3043 275 3094 Paravit
292 3043 314 3093 is
332 3059 442 3112 quoque
462 3059 566 3093 sacrum
587 3041 712 3093 thronum
725 3040 941 3110 patriarchicum,
962 3056 1086 3107 magnum
1104 3050 1132 3093 et
1150 3046 1201 3094 mi-

98 3113 211 3165 rabilem
241 3113 370 3179 singulari
395 3114 509 3164 artificio
528 3121 563 3162 ct
590 3112 751 3171 subtilitate,
773 3112 865 3161 multis
894 3111 961 3162 varii
982 3114 1087 3177 generis
1110 3115 1199 3166 rebus.

98 3186 194 3237 insunt
212 3186 330 3254 pretiosa
358 3200 417 3235 ossa
443 3200 491 3234 seu
515 3182 698 3245 emblemata,
719 3182 925 3253 pulcherrima,
952 3184 1028 3249 alba,
1057 3185 1110 3235 alia
1132 3186 1198 3237 item

3 3303 4 3320 ,
98 3254 178 3307 valde
200 3255 352 3316 artificiosa,
373 3253 486 3315 viridia,
504 3256 580 3322 nigra
592 3253 762 3323 aliorumque
782 3254 913 3317 colorum,
936 3253 1030 3307 additu
1045 3258 1099 3307 suis
1117 3258 1199 3309 etiam

98 3328 167 3379 locis
186 3345 260 3378 auro.
299 3334 381 3397 atque
402 3327 431 3376 iu
454 3326 502 3376 illa
516 3335 592 3395 parte
613 3325 670 3375 eius
689 3325 736 3375 ubi
756 3326 907 3394 patriarcha
927 3333 995 3377 stare
1016 3328 1094 3390 solet,
1118 3346 1198 3398 supra

80 3398 296 3458 ,sanctissimum
317 3406 398 3466 caput
428 3398 507 3448 huius
529 3397 652 3464 depictus
671 3406 712 3448 est
739 3396 864 3449 dominus
884 3400 956 3449 lesus
977 3399 1107 3451 Christus.
1127 3417 1199 3452 sum-

98 3488 158 3521 mus
180 3469 314 3539 pontifex,
334 3470 456 3522 inomni
485 3485 531 3519 sua
553 3476 629 3537 parts
650 3484 682 3519 ex
701 3485 785 3534 auro;
806 3470 881 3519 cuius
901 3470 1025 3537 imaginis
1044 3470 1199 3539 longitudo,

99 3558 180 3592 unam
200 3558 323 3609 magnam
343 3549 442 3611 aequat
471 3539 643 3609 spithamam.
692 3548 719 3590 et
738 3542 813 3591 cuius
830 3580 835 3603 ‚
854 3557 966 3609 quaeso,
987 3541 1105 3593 hominis
1124 3560 1199 3596 mens

97 3609 192 3683 posset
217 3630 264 3682 pro
292 3612 423 3679 dignitate
447 3611 600 3680 expendere
618 3610 762 3662 artificium
792 3620 819 3663 et
841 3612 956 3679 speciem
983 3613 1057 3672 illius
1077 3614 1200 3667 sublimis

100 3682 210 3735 throni?
244 3700 308 3734 nam
326 3685 347 3734 si
359 3684 429 3753 'quis
450 3682 623 3752 splendorem
650 3684 708 3734 eius
731 3690 834 3751 spectet
853 3683 944 3734 multis
965 3682 1031 3747 illis,
1050 3688 1199 3755 exquibus

99 3757 188 3807 sactus
216 3762 258 3805 est
278 3762 312 3805 -et
339 3771 408 3822 quae
433 3755 463 3805 in
484 3756 714 3823 cureperiuntur,
743 3752 931 3824 pulcherrimis
959 3754 1057 3819 rebus,
1087 3767 1200 3827 apparet
1262 3808 1265 3819 ,

100 3843 159 3878 esse
178 3826 258 3877 vestis
278 3824 410 3896 quaedam
433 3827 570 3894 pretiosa,
589 3844 652 3891 aurp
672 3827 817 3877 intertexta
837 3832 864 3877 et
885 3826 1034 3893 margaritis
1055 3828 1200 3897 interpun·
1293 3845 1294 3853 ¹

100 3908 152 3959 cta,
173 3912 233 3948 cum
253 3897 396 3949 duodecim
418 3899 512 3949 electis
532 3900 653 3965 gemmis,
679 3896 766 3947 sardio
787 3898 893 3965 topazio
915 3898 1053 3965 smaragdo
1080 3900 1198 3951 carbun-

100 3970 163 4021 culo
182 3968 309 4038 sapphiru
328 3969 431 4039 iaspide
453 3969 599 4035 hyacintho
617 3968 712 4019 achate
734 3968 884 4034 amethysto
905 3968 1070 4035 chrysolitho
1092 3970 1198 4039 beryllo

101 4049 128 4092 et
146 4040 261 4106 onyche,
280 4042 396 4110 aliisque
416 4043 506 4109 magni
532 4042 613 4109 pretii
631 4041 783 4091 lectissimis
809 4048 836 4091 et
854 4041 1056 4093 coruscantibus
1077 4046 1197 4109 gemmis.

100 4129 132 4163 ac
150 4111 289 4181 pulchrior
313 4121 428 4181 apparet
453 4112 677 4183 splendidiorque
707 4129 787 4181 quam
813 4113 897 4177 totius
918 4113 1012 4181 templi
1042 4113 1197 4184 quicquam.

3 4235 4 4252 ,
100 4182 186 4237 hahet
205 4181 279 4239 idem
298 4184 412 4238 threnus
431 4184 462 4239 in
478 4201 534 4238 nna
551 4192 629 4256 perte
646 4191 808 4255 magnumst
823 4182 1042 4256 pulcherrimam,
1063 4200 1129 4239 auro
1145 4183 1198 4240 de·
