2884 4775
222 221 274 299 ds
671 222 868 293 urssoaut

224 391 379 470 λέγεται..
421 382 492 450 ἕπετ’
519 385 555 447 δὲ
582 370 652 445 oss*
671 384 833 445 ἐπείθοντο
855 375 884 441 oi
907 378 1113 460 συκοφάνται,
1136 372 1249 465 διίστη
1270 380 1317 455 είς

224 487 260 551 td
286 490 385 566 μέσον
406 483 461 549 καί
491 481 692 557 ἓπανατείυας
722 479 762 545 τά
794 476 958 562 κράσπεδα
977 479 1042 539 τάν
1062 473 1196 556 ἱματίων
1215 473 1318 543 orituri

224 582 323 663 ἔδειξε
344 587 422 649 πᾶσι
442 581 499 657 τάς
531 579 652 663 σάρκας
676 580 792 659 αὑτοῦ,
812 576 867 641 καί
883 574 1003 650 ἰδόντες
1024 567 1234 656 ἐθαύμασαν·
1277 579 1319 639 ου’
1387 576 1394 584 ’

129 752 136 763 ,
224 680 287 765 γάρ
307 684 411 768 ἐφάνη
422 702 452 744 τι
465 684 497 758 ἐξ
510 673 554 745 ὧν
574 670 888 763 κατηγόρησαν,άλλ’
902 672 1020 749 ἔδειξεν
1040 669 1156 739 ἔαυτόν
1175 674 1237 739 cinci
1261 679 1317 759 τῆς
1418 669 1419 678 ¹

225 780 387 866 α’σκὴσεας
405 776 447 855 cic
469 774 607 862 άσαρκον
618 780 717 843 εἰπεῖν
739 776 882 859 καθαρόν
893 797 926 839 τε
946 776 1001 837 καί
1013 778 1188 854 παρθένον·
1204 774 1344 861 ,ε’φάνηῧ
1419 835 1420 868 r

224 884 283 964 γάρ
308 905 340 944 τι
358 880 456 960 μόνον
478 882 603 964 δέρμα,
626 885 756 962 σημεῖον
778 874 992 960 άπεριτμητου
1015 872 1139 957 άνδρός.
1183 879 1320 966 αι’σχυν-
1419 875 1420 890 ’

157 1052 164 1063 Ι
224 983 330 1055 θέντες
351 971 408 1043 οὖν
429 974 459 1044 οἱ
478 978 615 1052 εἰπόντες
630 973 830 1039 πεπτώκασιν
853 977 898 1049 εἰς
919 973 994 1048 τούς
1016 973 1116 1048 πόδας
1138 975 1240 1039 αὐτοῦ
1259 980 1319 1040 τοῦ
1419 963 1420 1024 i

160 1139 163 1149 ,
226 1081 431 1160 συγχωρῆσαι
454 1076 511 1161 τὴν
536 1078 662 1140 ἀδικίαν
691 1073 747 1137 κατ’
777 1075 1011 1158 συκοφαντίαν,
1040 1068 1080 1156 ἦρ
1108 1072 1189 1155 πρὸς
1219 1074 1320 1139 αάτόν

226 1175 423 1260 ἐποιήσαντο.
476 1176 677 1258 παρεκάλουν
714 1176 748 1236 δὲ
773 1171 871 1237 αὐτὸν
899 1170 1087 1247 καί-’πάντες
1110 1170 1140 1237 οἱ
1161 1175 1321 1257 ἀρχιερεῖς
1420 1141 1422 1256 i

226 1274 281 1339 κατ’
298 1278 359 1350 πᾶς
380 1270 397 1336 ὅ
417 1273 493 1349 λαός
511 1273 718 1356 συγχωρῆσαι
735 1272 843 1347 αὐτοῖς
861 1274 916 1334 κατ’
926 1272 1032 1351 μένειν
1053 1273 1087 1335 ἐν
1111 1275 1152 1359 “d
1166 1290 1321 1357 πατριαρ-
1332 1277 1363 1330 10

148 1384 154 1395 ’
227 1376 314 1460 χείρι.
357 1370 455 1447 αὐτὸς
478 1374 513 1435 δὲ
538 1374 605 1434 οὐδ’
630 1368 710 1445 ὅλως
733 1371 808 1433 οὐδὲ
828 1365 887 1433 κάν
899 1369 1034 1433 άκοῦσαι
1056 1371 1216 1454 ἠθέλησεν,
1239 1369 1321 1434 α’λλά
1421 1447 1422 1456 ¹

228 1474 357 1545 σταθείς
377 1474 537 1558 παρρησίη
559 1468 696 1555 dodorus
719 1468 775 1532 uui
795 1469 994 1551 κατηράσατο
1014 1468 1323 1556 τοῖςσυκοφάνταις,
1421 1461 1422 1540 i

229 1574 284 1633 καί
302 1563 424 1644 εάθέιος
453 1573 566 1651 ἐξῆλθε
592 1572 647 1651 τῆς
670 1569 790 1642 πόλεως
822 1567 901 1646 μετά
935 1572 993 1650 τῆς
1014 1572 1198 1649 περιουσίας
1219 1567 1324 1652 πάσης

231 1669 338 1737 αὑτοῦ.
389 1668 443 1732 κατ’
471 1666 641 1749 πορευθείς
669 1660 789 1754 ᾤκησεν
815 1668 849 1731 εἰν
876 1667 914 1751 τῇ
935 1668 1014 1754 μονῇ
1045 1670 1101 1749 τῆς
1124 1669 1325 1752 Κοσινίτζης,

230 1772 285 1833 καί
302 1768 449 1854 ἐποίησεν
472 1763 656 1849 α’νακτὴσεις
676 1766 730 1829 καί
748 1764 964 1847 καλλιεργείας
986 1764 1042 1829 oris
1064 1766 1180 1849 ὀλίγας.
1221 1764 1324 1847 ἔμεινε
1336 1780 1366 1831 15

230 1868 271 1943 di¹
288 1869 321 1931 ἑν
341 1868 381 1952 τῇ
401 1865 483 1950 αὐτῇ
502 1867 584 1951 μονῇ
606 1867 667 1943 ζῶν
690 1866 724 1929 ἐν
743 1860 860 1951 εἰρήνη.

314 1962 525 2046 Ἀνεβίβασαν
544 1965 579 2027 δὲ
601 1961 694 2027 πάλιν
723 1965 768 2038 εἰς
795 1961 850 2027 τὸν
871 1960 1105 2044 πατριαρχικδν
1132 1960 1249 2044 θρόνον
1269 1960 1326 2028 τάν

231 2058 341 2145 κάρυον
365 2065 530 2143 Συμεῶνα.
587 2064 626 2126 ου’
656 2059 717 2145 γάρ
758 2061 916 2145 ἠθέλησεν
946 2058 1190 2146 δ’τευτεντὲρης
1218 2066 1326 2144 λαβεῖν

190 2166 360 2249 nodesola
381 2166 494 2243 χίλια,
524 2156 572 2227 ὅτι
593 2161 773 2245 εὑρέθησαν
802 2165 1003 2244 γεγραμμένα
1022 2158 1167 2242 χιλιάδες
1189 2161 1247 2225 δύο
1266 2164 1327 2225 τοῦ

234 2261 424 2325 Διονυσίου*
468 2260 615 2343 τοιαύτην
635 2258 697 2343 γάρ
720 2258 832 2341 ἔχουσι
844 2262 905 2343 τὴν,
921 2260 1102 2345 συνήθειαν,
1126 2258 1179 2323 ἵνα
1200 2257 1369 2328 ἔλαττονῖθ

236 2349 276 2422 ου’
295 2359 405 2446 γραφῇ
424 2349 469 2442 μη
493 2361 641 2443 ζητῶσιν,
658 2356 739 2424 α’λλά
761 2359 816 2424 καί
835 2363 939 2426 πλέον.

236 2589 295 2624 sum
320 2571 410 2622 fuisse.
446 2571 560 2641 proinde
577 2573 693 2623 concilio
714 2571 827 2634 indicto,
851 2589 910 2622 cum
932 2588 964 2623 eo
987 2572 1157 2623 convenisset
1173 2588 1267 2640 magna
1286 2572 1327 2622 vis

238 2644 423 2711 episcoporum
443 2643 680 2711 metropolitanum
703 2652 731 2694 et
748 2644 832 2695 totius
852 2643 934 2693 ferme
953 2641 1128 2694 ecclesiastici
1141 2641 1260 2704 ordinis,
1279 2643 1328 2693 itte

238 2715 276 2764 eis
298 2713 472 2764 confirmabat
493 2713 656 2764 delationem
679 2714 754 2764 iliam
778 2715 853 2764 stolia
876 2714 990 2764 veritate
1009 2715 1068 2774 niti,
1092 2713 1138 2763 sed
1159 2712 1254 2763 faisurn
1274 2715 1329 2763 cri-

194 2807 197 2820 =
237 2802 297 2835 men
317 2801 384 2835 esse.
406 2801 475 2846 ,cum
504 2783 584 2835 fidem
605 2784 843 2836 calumniatoribus
871 2801 927 2834 nou
959 2784 1077 2845 faceret,
1102 2784 1179 2835 stetit
1210 2784 1239 2835 in
1269 2802 1329 2834 me·

237 2855 282 2906 dio
307 2854 421 2921 synodi,
449 2864 578 2924 vesteque
606 2855 711 2906 sublata
738 2855 856 2923 genitaie
888 2855 1054 2905 monstravit.
1106 2871 1146 2905 res
1172 2855 1238 2905 mire
1260 2873 1329 2906 cun-

237 2927 286 2977 ctis
314 2928 383 2976 visa:
415 2926 490 2976 uuila
525 2929 596 2998 euim
628 2927 751 2995 apparuit
790 2935 853 2977 nota
888 2925 1006 2978 criminis
1035 2925 1249 2993 comprobatrix,
1282 2925 1331 2977 sed

237 3015 251 3048 a
270 3005 401 3066 perpetua
420 2997 605 3049 continentiae
624 2998 818 3048 exercitatione
846 2996 905 3065 ipse
934 3012 1018 3064 prope
1038 2998 1124 3046 carnis
1143 3005 1282 3064 expertem
1303 3005 1331 3048 et

238 3069 360 3135 virginali
388 3069 513 3120 castitate
542 3086 637 3138 purum
665 3085 693 3118 se
720 3069 836 3119 concilio
868 3067 1000 3135 probavit.
1037 3070 1142 3118 tanturn
1167 3064 1238 3118 enirn
1259 3067 1330 3118 cutis

238 3138 370 3207 quaedam
398 3141 540 3208 apparuit,
560 3147 661 3192 testans
681 3139 894 3190 incircumcisum
920 3137 1064 3188 hominem.
1101 3137 1206 3188 confusi
1226 3139 1331 3205 pudore

238 3208 385 3260 adversarii
410 3209 445 3259 ad
475 3209 556 3277 pedes
585 3211 642 3261 eius
667 3209 842 3270 acciderunt,
867 3209 972 3259 veniam
994 3207 1183 3259 iniustissimae
1203 3207 1331 3260 adversus

240 3281 327 3348 ipsum
346 3281 540 3330 criminationis
558 3288 586 3331 et
604 3282 754 3332 calumniae
767 3289 882 3332 orantes.
903 3278 1110 3330 intercedebant
1126 3296 1173 3348 pro
1185 3280 1223 3331 eis
1236 3297 1331 3331 omncs

240 3351 321 3400 etiam
341 3349 408 3400 sacri
426 3351 570 3412 antistites,
589 3367 696 3418 unoque
711 3353 830 3420 populus
847 3358 936 3401 totus:
956 3351 1106 3416 ignosceret
1126 3350 1201 3417 ipsis,
1222 3360 1251 3402 et
1268 3368 1329 3401 mu-

239 3428 316 3472 neret
336 3419 363 3470 iu
390 3419 580 3488 patriarchatu.
628 3421 676 3471 iile
702 3439 736 3470 ne
764 3422 889 3473 extremis
918 3421 1027 3491 quidem
1051 3421 1177 3471 auriculis
1197 3421 1331 3473 sustinere

151 3527 158 3544 ι
240 3507 341 3561 preces,
364 3489 412 3540 sed
431 3499 504 3541 stans
522 3492 590 3540 clara
611 3507 675 3540 voce
694 3493 809 3543 exclusit
825 3489 1014 3545 con'rruunions
1033 3491 1163 3545 ecciesiae
1178 3500 1205 3542 et
1222 3509 1332 3543 execra-

239 3571 283 3613 tus
302 3569 342 3612 est
360 3560 552 3628 sycophantas3
582 3562 703 3629 urbeque
724 3564 859 3632 extempio
879 3563 962 3614 exivit
988 3563 1122 3613 cuiusuis
1143 3560 1222 3612 rebus
1244 3564 1333 3614 omni·

242 3632 301 3692 bus,
320 3641 347 3682 et
367 3634 395 3683 in
417 3633 607 3683 monasterium
635 3631 786 3683 Cusinitzae
813 3650 840 3684 se
860 3635 983 3684 contulit.
1022 3632 1140 3684 ubincn
1165 3650 1250 3701 pauca
1270 3641 1334 3684 sunt

240 3720 310 3773 quse
331 3711 437 3772 sumptu
461 3721 509 3754 suo
528 3704 688 3754 instauravit
707 3713 736 3754 et
754 3703 788 3755 de
806 3720 877 3756 novo
897 3703 1008 3775 pulchre
1023 3703 1111 3767 iecit.¹
1133 3704 1231 3756 mansit
1248 3705 1277 3756 in
1299 3721 1333 3755 eo

239 3775 312 3836 ioco,
332 3789 391 3823 cum
413 3779 478 3840 pace
499 3775 610 3844 otioque
629 3775 730 3824 vivens.
1045 3834 1047 3837 Ι
1187 3807 1195 3816 ·

312 3844 487 3896 patriarchico
508 3845 576 3895 soiio
599 3845 635 3896 ita
655 3861 740 3895 vacuo
767 3845 862 3896 relicto
881 3845 1038 3910 Symeoncm
1066 3843 1139 3894 inid
1159 3843 1335 3906 reduxerunt,

240 3913 310 3966 datis
330 3931 377 3983 pro
397 3931 505 3965 munere
538 3914 578 3966 bis
609 3916 683 3966 mille
710 3916 826 3966 aureis'
854 3917 980 3966 notuerat
1006 3915 1076 3966 euim
1098 3917 1186 3983 regius
1205 3925 1336 3984 quaestor

240 4003 295 4036 uno
315 3987 390 4037 mitte
410 3995 553 4037 contentus
575 4004 641 4049 esse,
663 4003 694 4036 eo
713 3987 787 4055 quod
806 3988 833 4038 in
853 3985 1000 4037 rationibus
1012 3986 1068 4037 suis
1088 3985 1234 4037 duomilia
1255 3987 1336 4037 inve·

238 4057 309 4108 niret
338 4056 470 4125 adscripta
501 4057 635 4126 Dionysio.
673 4055 741 4106 haec
759 4059 828 4108 euim
853 4058 907 4107 iltis
927 4056 1095 4129 consuetudo
1117 4068 1174 4120 est,
1194 4067 1225 4110 ut
1244 4059 1336 4109 minus

240 4144 320 4202 quarn
338 4128 466 4198 scriptum
485 4135 559 4178 extet
580 4145 635 4179 uon
657 4129 775 4195 exigant,
797 4127 843 4180 sed
864 4129 953 4197 potius
970 4128 1041 4196 pius.
