2884 4775
471 242 788 347 hamtaacfflch.
1103 247 1172 316 109

84 398 146 463 οἶπὸ
168 394 242 469 τούς
266 388 427 473 Τούρκους
461 396 517 455 καί
535 392 590 457 τὸν
611 389 749 475 ἔκοψαν,
772 391 847 459 ὅταν
866 394 919 459 τὸν
939 371 1059 481 ἐπῆραν
1079 398 1175 463 oriri-

83 505 140 579 βου
160 497 225 562 ἔδακ’
243 494 289 565 εἷς
307 492 364 573 την
386 492 733 558 Κωνσταντινούπολιν.
786 494 949 578 ἐσυνήχθη
973 499 1009 560 δὲ
1031 498 1177 578 περὶτῆς

83 594 230 678 τοιαύτης
247 588 436 673 κατηγορίας
449 587 582 663 σύνοδος
595 590 716 676 μεγάλη
731 594 918 676 α’ρχιερὲων,
940 602 1177 680 μητροπολιτων

84 688 343 777 α’ρχιεπισκύποιν
375 689 430 751 καί
465 684 652 784 ε’πισκύποον.
702 693 758 755 καί
778 695 1017 767 καθίσαντεςὲν
1037 696 1081 783 τῷ
1101 693 1179 783 ἱερῷ

60 798 251 878 ὀκριτηρίῳ,
284 784 365 868 μετύ
399 787 454 850 καί
472 787 534 849 τῶν
547 788 759 868 ’τιμιωτάτων
788 796 942 873 ntupum
964 797 1019 875 τῆς
1041 792 1178 877 μεχύλης
1227 862 1230 875 ,

83 894 249 974 ἐκκλησίας
283 890 487 968 συνηγμένων
516 888 573 950 καί
603 890 667 950 τοῦν
688 886 915 969 εὐγενεστάτων
945 889 1104 975 ἀρχόντων
1123 891 1179 957 καί

83 989 199 1064 παντὸς
219 991 277 1052 τοῦ
307 984 451 1068 πλήθους
481 989 535 1049 τοῦ
557 988 661 1049 κοινού
685 992 790 1050 λαοῦ·
846 989 900 1052 κοί
920 989 963 1065 ὥς
983 988 1176 1075 ἐκάθισενῆ

84 1088 156 1173 ἱεροὶ
178 1088 329 1164 σύνοδος,
357 1078 459 1168 η’λθαν
492 1080 672 1167 ἔμπροσθεν
703 1084 734 1151 οἱ
757 1085 877 1170 ἔλεγχοι
900 1090 1000 1153 usitari
1031 1095 1090 1153 τοῦ
1116 1118 1178 1155 πα-

84 1190 250 1273 τριάρχου,
272 1184 303 1250 οἱ
325 1179 427 1247 ὁποῖοι
445 1178 529 1269 ἦσαν
554 1188 635 1259 τινὲς
657 1183 692 1249 ἐκ
724 1188 787 1251 τῶν
807 1190 866 1251 τού
889 1185 1013 1271 κλήρου,
1036 1194 1089 1255 καί
1108 1188 1178 1255 its-

47 1304 145 1373 ίθχαν
175 1294 230 1351 καί
255 1284 371 1368 ἐβύουν
399 1277 449 1348 ύτι
483 1282 538 1347 ναί
570 1285 697 1368 οἷληθοῖς
731 1289 989 1370 περιτετμημένος
1019 1286 1089 1353 thar
1114 1290 1175 1354 α’σό

86 1388 161 1463 τούς
182 1387 350 1471 Τούρκοος.
402 1382 421 1445 ὅ
452 1385 489 1447 δὲ
510 1383 711 1469 πατριάρχης
742 1380 839 1464 ripevus
858 1385 939 1466 μετοὶ
963 1392 1103 1471 φρικτῶν
1123 1385 1178 1473 dp·
1241 1401 1244 1407 '

85 1513 149 1551 κων
173 1481 220 1551 ὅτι
250 1483 289 1550 τύ
312 1479 373 1547 ὅσα
403 1486 514 1565 λὲγσυν
549 1485 603 1547 div
633 1480 715 1549 εἶναι
737 1483 898 1568 α’ληθινύ·
953 1488 1049 1567 μόνον
1070 1487 1179 1553 ἀδικία

87 1588 144 1650 καί
162 1587 357 1670 συκοφαντία
378 1580 457 1647 ἔναυ.
514 1580 578 1663 app*
606 1583 701 1648 αύτοί
732 1586 786 1647 ὁὲν
807 1580 955 1667 ε”στερχαν
975 1584 1047 1660 τούς
1068 1581 1179 1670 ὅρκους

87 1677 205 1749 αύτού·
247 1681 345 1763 μόνον
362 1686 592 1765 περισσοτέρως
613 1682 723 1764 ε’βόουν
746 1680 797 1745 ὅτι
818 1690 1078 1769 περιτετμημένος
1097 1684 1177 1751 ἕναι.

49 1783 245 1870 15ιῖκούοντα
268 1784 303 1846 δὲ
333 1782 352 1865 ἦ
374 1782 505 1856 σύνοδος
530 1780 631 1844 ταῦτα
656 1778 841 1862 ἐθαύμαζε,
860 1786 913 1847 καί
930 1786 1009 1859 τινὲς
1031 1789 1089 1864 μὲν
1109 1788 1180 1850 ἐπί·-
1239 1815 1241 1820 ·

86 1906 204 1947 στεοαν
223 1881 315 1944 τούτο
337 1879 392 1944 καί
400 1882 492 1954 τινὲς
527 1883 580 1949 ter
607 1877 642 1944 τὸ
662 1879 838 1945 ἐπίστευον.
891 1880 908 1943 ri
931 1883 965 1945 δὲ
986 1882 1180 1966 πατριάρχης

87 1982 257 2065 ἐβλέποντο
277 1979 353 2055 τούς
382 1982 531 2062 ἐλέγχους
550 1984 607 2043 καί
635 1978 775 2062 ε’χθρσύς
797 1981 908 2059 adrat,
931 1978 979 2044 ὅτι
1000 1982 1114 2045 θέλουν
1137 1983 1177 2047 νύ

86 2082 144 2148 τὸν
165 2080 435 2169 κατακυριεύσουν
469 2083 508 2161 μὲ
530 2078 567 2169 τύ
588 2082 739 2162 pipam,
761 2083 814 2144 ύὲν
836 2075 902 2161 εἶχε
924 2081 993 2144 τίνα
1015 2082 1098 2168 κύμη
1125 2082 1178 2147 deri

88 2184 126 2257 νοὶ
150 2185 238 2268 φανῇ
257 2180 277 2265 ἦ
305 2177 441 2264 ἀλήθεια
461 2184 517 2244 καί
538 2181 605 2254 πῶς
627 2180 717 2244 adrui
731 2183 842 2261 λέγουν
863 2186 1003 2266 erepturus
1026 2178 1059 2260 ἒξ
1081 2180 1178 2266 ἀνάγ.

48 2302 145 2367 αοκης
177 2283 232 2346 καῖ
250 2277 348 2360 νόμον
362 2279 533 2359 μετάθεσις
544 2279 670 2361 γίνεται.
694 2279 748 2343 καί
773 2277 846 2363 ἔτζη
862 2278 1005 2365 ε’σηκούθη
1019 2284 1072 2345 καί
1087 2284 1180 2346 ἐστα-

88 2381 221 2464 μύτισεν
243 2379 340 2465 σ’ρθός
358 2384 441 2461 μέσα
461 2382 506 2454 εἰς
526 2380 583 2463 τὴν
602 2382 694 2461 μὲσιν
709 2380 766 2444 τού
779 2379 919 2465 πλήθους
939 2383 996 2444 τού
1015 2382 1105 2460 λαοῦ,
1128 2384 1182 2447 καί

89 2481 229 2567 ἐσήκουσε
251 2490 321 2558 ταῖς
335 2474 447 2565 ἄκραις
459 2483 523 2545 ταῖν
537 2480 662 2566 ῥουχῶν
673 2481 776 2543 ου’τού
789 2477 869 2544 ὀποῦ
881 2477 999 2566 ἐφόρεε,
1013 2484 1067 2546 καί
1084 2479 1181 2560 ἔδειξε
1265 2502 1271 2510 ’
1300 2482 1304 2491 “

92 2767 275 2818 circumcisum
296 2782 310 2814 a
329 2765 353 2815 Τ
355 2765 434 2824 urcis,
456 2763 539 2837 idque
557 2763 605 2813 illo
622 2771 742 2831 tempore
763 2763 905 2832 quonoli
925 2765 1057 2832 captivum
1077 2766 1104 2815 in
1123 2781 1181 2817 ser·
1266 2769 1267 2774 ’
1313 2759 1316 2774 ’

92 2841 206 2888 vitutem
226 2835 413 2887 abduxissent.
458 2843 602 2886 convocata
621 2833 688 2895 suit,
708 2834 788 2884 huius
804 2835 996 2885 criminationis
1017 2839 1182 2901 cognoscen-

93 2909 144 2959 dae
164 2924 252 2966 causa,
271 2907 359 2975 ampla
391 2905 508 2971 synodus
523 2906 719 2976 'frequentibus
749 2903 923 2972 pontificibus
941 2906 1120 2972 metropolitis
1139 2923 1182 2956 ar·

92 2979 273 3048 ehiepiscopis
292 2988 320 3028 et
342 2977 481 3045 episcopis.
518 2979 564 3044 qui
587 2993 646 3026 cum
673 2977 702 3025 in
721 2976 746 3026 S.
766 2975 866 3025 iudicio
885 2971 1077 3036 consedissent,
1098 2975 1183 3026 silvo·

92 3051 160 3101 eatis
181 3065 291 3118 quoque
310 3047 510 3098 venerabilibus
524 3061 635 3111 magnae
656 3047 786 3096 ecclesiae
805 3045 917 3104 clericis,
936 3048 1101 3113 congregatis
1116 3048 1182 3098 item

91 3120 262 3190 principibus
281 3118 315 3169 de
334 3119 479 3170 nobilitate
499 3119 560 3167 viris
579 3133 610 3167 ac
628 3117 798 3184 totapopuli
817 3114 1002 3178 multitudine,
1024 3116 1182 3169 considente

90 3196 145 3242 iam
165 3192 192 3241 S.
211 3189 313 3256 synodo
331 3190 541 3258 progrediuntur
564 3189 593 3238 in
610 3186 727 3236 medium
755 3193 920 3237 accusatores
941 3187 1118 3256 patriarchae,
1136 3189 1184 3258 qui

91 3270 171 3313 erant
198 3279 230 3311 ex
250 3261 405 3311 clericorum
422 3268 509 3310 coetu.
547 3265 715 3321 asseverant,
747 3273 796 3306 nec
814 3258 871 3308 sine
897 3257 1012 3308 clamore
1034 3275 1065 3308 ac
1082 3260 1184 3311 maiore

91 3333 166 3385 vocis
188 3333 379 3391 contentione,
400 3347 428 3381 se
446 3347 507 3380 vere
524 3329 576 3380 hoc
596 3328 704 3389 dicere,
727 3327 902 3396 patriarcham
923 3345 938 3378 a
956 3329 1050 3380 Turcis
1069 3331 1184 3380 circurn-

91 3405 177 3455 cisum
198 3419 265 3453 esse.
301 3401 453 3472 patriarcha
465 3409 558 3452 contra
577 3399 743 3452 severissime
761 3399 857 3462 iurare,
876 3416 907 3450 ea
928 3417 997 3469 quae
1019 3402 1070 3469 ipsi
1090 3400 1181 3453 dicant

91 3490 267 3543 nequaqnam
287 3491 345 3524 esse
362 3489 433 3529 vern,
451 3471 498 3522 sed
516 3472 716 3540 iniquissimum
742 3478 770 3520 et
789 3470 1048 3539 impudentissimum
1067 3471 1181 3522 menda-

91 3546 175 3596 cium.
220 3544 262 3593 illi
291 3560 353 3594 vero
371 3542 443 3594 nihil
460 3543 513 3594 loci
538 3543 590 3592 iuri
608 3541 721 3592 iurando
751 3541 807 3591 eius
829 3541 990 3611 relinquere,
1011 3541 1057 3593 sed
1075 3550 1181 3594 tantum
1207 3541 1214 3550 ‘

92 3617 196 3667 maiore
213 3632 278 3665 voce
297 3616 406 3673 hirtam,
425 3622 453 3664 et
476 3613 640 3665 contendere
667 3612 849 3662 circumcisum
868 3629 934 3662 esse.
979 3619 1066 3680 patres
1087 3613 1181 3683 etqui

93 3687 213 3738 coneilio
228 3686 359 3746 aderant,
382 3684 548 3735 mirabantur
572 3684 639 3734 hsec
656 3683 817 3744 audientes,
837 3680 997 3752 quibusdam
1017 3685 1117 3734 crimen
1133 3703 1182 3736 ve-

94 3775 153 3808 rum
177 3774 236 3807 esse
253 3755 444 3818 credentibus,
474 3756 534 3806 aliis
553 3763 641 3806 autern
667 3754 748 3804 fidem
772 3753 971 3820 derogantibus.
1009 3755 1181 3823 quamobrem

93 3827 264 3894 patriarcha,
282 3843 393 3879 cernens
419 3828 471 3877 vim
492 3835 520 3878 et
538 3826 732 3878 vehementiam
759 3824 965 3875 adversariorum
993 3841 1116 3887 εαστιισις
1136 3841 1182 3877 eos

93 3899 148 3950 hoe
166 3899 253 3949 solum
281 3913 379 3966 agere,
407 3897 541 3967 quomodo
561 3896 735 3966 putidissimis
762 3895 850 3964 ipsum
867 3896 1012 3947 mendaciis
1032 3895 1183 3965 perfunde·

5 3981 9 3997 t
93 3979 175 4034 τεαῖς
202 3987 258 4040 qno
286 3985 315 4019 ss
330 3977 449 4020 verteret
476 3985 530 4018 non
558 3967 693 4029 hahebat,
722 3975 753 4016 ut
765 3966 862 4017 veritas
882 3968 910 4018 in
929 3969 1016 4017 lucem
1035 3969 1138 4019 reniret
1155 3975 1184 4019 et
1223 3965 1228 3992 ¹

95 4042 217 4109 ipsorum
245 4041 378 4090 calumnia
401 4040 551 4105 patefieret.
594 4041 659 4109 quia
683 4055 746 4104 ergo
773 4037 944 4107 pernegando
971 4039 1182 4102 etsanetissinre

96 4111 212 4164 iurando
239 4111 311 4164 nibil
334 4110 512 4182 proficiebat,
536 4125 568 4162 ex
594 4110 752 4183 necessitate
785 4106 819 4158 ad
839 4108 986 4165 remedium
1004 4109 1107 4178 legibus
1126 4125 1183 4160 non
