2884 4775
237 223 284 289 70
369 188 370 193 Ν
479 218 483 227 “
684 238 879 301 ursaoara

223 382 289 445 ,καί
306 385 521 461 ἐσκεπάσαμεν
542 388 647 467 τοῦτο,
667 387 743 450 ναόν
772 412 847 452 οντα
869 386 966 470 ἡμῶν.
1008 388 1150 475 ὠργίσθη
1172 394 1322 459 ditonico

232 479 370 557 οἰκούσας
390 486 445 546 καί
466 484 655 563 ἐπρόσταξεν
674 486 725 551 ἵνα
747 487 918 600 ποιήσωσιν
938 485 1058 572 ἕτερον,
1081 486 1099 553 δ
1122 491 1205 576 δη’
1184 492 1323 570 ακούσας

166 596 173 641 Γ
232 576 360 663 ὃπατρι
363 579 463 665 α’ρχης
488 585 703 668 ἀνεχώρησεν.-

306 674 472 761 Επεμψαν
494 686 529 746 δὲ
548 684 825 765 μετακομισαοδαι
848 687 901 751 τὸν
923 685 1266 773 κτίριονΠαχιδμιον,”
1247 718 1323 757 οντα

230 774 428 860 &stagras
416 807 433 862 η
428 772 507 843 τὸν
527 780 685 866 Νήφανα.
729 789 786 849 καί
792 780 912 869 nider
944 785 1215 871 ossagrtpror'
1188 818 1233 857 ων
1252 799 1322 857 Ζν-
1331 810 1347 861 5

227 881 328 965 χνῶν,
350 904 403 943 και
424 875 670 967 ἀνεβιβάσθη
640 907 685 957 τις
713 884 748 947 τδ
769 896 1012 972 πατριαρχεῖον,
1034 883 1067 963 ὃς
1087 891 1231 974 ἐποίησεν
1253 889 1322 968 ἔτος

229 982 271 1044 ἓν.
314 974 382 1043 εἶτα
406 982 486 1054 τινὲς
507 984 668 1066 φιλοιτοῦ
684 984 829 1066 Ἰωακειμ
850 985 1084 1071 δαπανήσαντες
1101 994 1226 1074 φλωρία
1249 1015 1323 1056 nev-

227 1079 358 1143 τακὸσια
381 1078 535 1143 considete
560 1106 621 1157 και
636 1088 902 1165 πατριορχεῦσαι
909 1086 1041 1150 nditw'
1025 1086 1188 1170 εποίησαν,
1212 1088 1248 1164 ὃς
1267 1117 1323 1155 και

229 1182 263 1243 ἒν
276 1174 368 1265 ὀλίγῳ
389 1178 548 1297 ἐπορεύθη
561 1182 638 1263 πρὸς
652 1182 707 1246 τὸν
720 1170 963 1265 Mnoyaanffac
941 1211 1090 1280 αρχοντα.
1103 1188 1174 1249 οὐδ’
1192 1183 1273 1265 ὅλως
1286 1195 1323 1255 δὲ

185 1298 221 1352 40
230 1283 415 1357 κατεδέξατο
431 1274 490 1343 adv
503 1277 741 1345 &rainaudus
699 1279 805 1364 αυτόν,
826 1283 1052 1365 ἑνωτισάμενος
1065 1285 1102 1350 τοὶ
1117 1288 1321 1354 α’κατοὶστατα
1333 1308 1365 1359 10

228 1382 338 1443 ταῦτα
381 1372 449 1443 εἶτα
472 1380 671 1444 κατελθών’
656 1408 689 1446 εν
711 1388 837 1471 Βλαχίρι
858 1383 1090 1469 ἐτελεύτησεν’
1075 1413 1108 1451 εν
1130 1388 1222 1475 λύπῃ.
1247 1390 1321 1453 dve-

228 1475 370 1563 βιβάσθη
402 1480 437 1543 δὲ
466 1478 560 1551 πάλιν
593 1477 608 1543 ὅ
636 1481 816 1563 Παχώμιος
849 1488 895 1557 εἰς
922 1482 957 1546 τὸ
987 1496 1232 1572 πατριαρχεῖονς,
1263 1492 1322 1553 τοῦ

228 1582 309 1639 θεοῦ
331 1578 559 1653 παιδεύσαντος
580 1584 708 1656 δικαίως
725 1582 779 1646 τὸν
800 1586 943 1663 Ἰωακείμ
958 1585 1120 1665 ἐπιβάντα.
1144 1586 1198 1649 καί
1218 1590 1321 1651 ταῦτα

228 1680 286 1757 μὲν
305 1674 344 1739 τοὶ
366 1681 420 1759 τῆς
439 1680 602 1761 ἐκκλησίας
622 1689 863 1765 πατριαρχειόο,
886 1681 1025 1759 α’τὰκτως
1036 1689 1091 1749 καί
1108 1687 1152 1761 ὥς
1176 1689 1230 1751 οὐκ
1253 1685 1321 1749 ἔδει

228 1774 389 1861 φερόμενα
408 1776 459 1840 διά
482 1776 516 1840 τὸ
537 1779 609 1855 τούς
632 1785 820 1863 κρατοῦντας
833 1784 947 1866 δώροις
967 1781 1176 1867 κάμπτεσθαι,
1198 1786 1253 1849 καί
1271 1784 1317 1870 μή
1331 1804 1363 1854 15
1439 1783 1440 1812 ³

181 1926 185 1935 .
228 1873 263 1938 τὸ
287 1880 453 1963 συμφέρον
474 1876 552 1959 δρᾶν
573 1878 654 1943 ἄλλα
677 1885 795 1961 μᾶλλον
817 1884 874 1965 τὴν
895 1887 958 1946 τοῖν
979 1887 1182 1966 Χριστιανῶν
1204 1889 1322 1950 dunzo.

226 1980 302 2057 χίαν
332 1975 386 2039 καί
402 1977 469 2051 ’τοὶς
490 1980 658 2064 διαφοράς,
679 1983 716 2045 αΐ
744 1984 799 2045 καί
821 1976 946 2047 ἐδίδουν
967 1983 1072 2058 αὐτοῖς
1092 1989 1167 2047 καθ’
1186 1984 1321 2069 ἑκάστην

229 2075 390 2159 α’ργτῖριον,
414 2072 431 2139 δ’
452 2081 537 2141 ἐστιν
556 2081 662 2156 αὐτοῖς
687 2080 704 2143 ti
725 2080 812 2156 θεός.
1067 2150 1072 2158 ,

312 2176 552 2258 Κοριεδσαντος
579 2181 614 2243 δὲ
648 2186 705 2244 τοῦ
735 2179 873 2246 controv
903 2181 1021 2267 Σελίμη
1051 2186 1104 2246 καί
1127 2182 1322 2259 ἀπελθόντος

212 2278 413 2355 ,σωματικοῖς
435 2278 468 2340 ἐν
485 2276 632 2365 Προύσῃ,
653 2282 834 2365 ἠνέχθησαν
857 2282 943 2368 αὐτῷ
963 2282 1017 2345 καί
1039 2280 1069 2346 οἱ
1095 2285 1153 2347 τοῦ
1176 2269 1385 2368 a'trtpotso'

207 2370 336 2470 ’παῖδες
367 2376 401 2440 ἐκ
428 2378 485 2460 τῆς
504 2381 717 2463 Καραμανίας
739 2376 889 2462 ἅπαντες,
911 2382 966 2446 καί
991 2384 1169 2448 α’πέκττινεν
1191 2383 1318 2460 αὐτούς.

228 2665 268 2715 ita
288 2664 429 2715 teximus?
467 2680 521 2733 quo
541 2662 634 2713 andito
647 2664 693 2726 iiie
715 2663 916 2726 excandescere,
935 2673 963 2715 et
981 2665 1057 2715 aliud
1075 2665 1237 2716 aedificari
1229 2684 1318 2736 unpe-

228 2751 294 2786 rare.
336 2734 388 2785 hoc
416 2736 461 2784 ubi
488 2733 638 2803 patriarcha
667 2735 787 2797 audivit,
812 2704 1047 2788 administratione
1068 2754 1115 2786 sna
1134 2737 1210 2787 abiit.

317 2823 393 2872 Tunc
412 2831 501 2891 patrea
520 2823 599 2872 missa
618 2823 753 2889 legatione
772 2823 942 2874 Pachomium
967 2825 1058 2875 venire
1077 2824 1222 2875 voluerunt
1242 2823 1317 2894 (narn
1339 2860 1346 2866 -

227 2893 250 2943 is
274 2901 347 2944 extra
376 2895 468 2944 urbem
496 2896 564 2963 erat)
595 2901 642 2943 aut
681 2896 766 2962 ipsum
787 2893 952 2962 Niphouem.
996 2894 1043 2945 sed
1070 2895 1181 2944 advenit
1215 2896 1319 2946 Pacho-

150 2986 159 2992 ·
225 2980 294 3015 mins
310 2967 482 3037 metropolita
497 2965 666 3030 Zychnensrs
681 2975 764 3034 atque
779 2983 808 3015 rn
827 2965 1001 3034 patriarchica
1015 2965 1079 3016 sede
1098 2967 1246 3015 coiiocatns
1265 2975 1318 3018 est.
1357 2982 1361 3004 ι

227 3035 274 3084 rabi
294 3053 353 3085 cum
377 3055 457 3087 unum
483 3054 582 3087 annum
602 3036 730 3096 sedisset,
755 3053 816 3087 ecce
842 3038 921 3087 amici
941 3037 1048 3106 quidam
1067 3038 1185 3097 ioaciuri,
1204 3037 1319 3088 adiectis

226 3106 332 3158 (ineatis
347 3108 510 3175 quingentis,
527 3116 630 3158 tantum
646 3111 793 3158 etfecernnt
809 3108 989 3159 utPachomio
1006 3108 1072 3157 eliso
1091 3107 1139 3156 ille
1161 3108 1250 3158 denuo
1268 3127 1320 3177 pa-

225 3177 357 3229 triarchae
380 3178 460 3228 decus
482 3177 627 3232 obtineret.
673 3180 721 3246 qui
753 3179 827 3229 brevi
851 3187 913 3248 post
940 3180 968 3228 in
996 3177 1157 3229 Muidaviam
1176 3179 1317 3247 proiectus

226 3257 274 3298 est
313 3248 361 3298 sed
379 3247 458 3298 huius
473 3251 615 3317 princeps,
636 3252 743 3316 cognita
763 3250 812 3300 hac
831 3249 1027 3302 ecclesiasticae
1046 3247 1207 3316 disciptinae
1228 3250 1318 3299 ambi-

224 3321 294 3370 tiosa
314 3319 480 3380 confusione,
499 3319 567 3368 adeo
586 3319 646 3368 nh
639 3338 698 3388 rpso
726 3323 873 3372 clementer
896 3320 1052 3388 accipiendo
1073 3318 1214 3370 abhorruit
1233 3330 1317 3371 utne
1343 3342 1347 3347 ·

224 3392 450 3456 inconspectum
482 3390 591 3456 quidem
621 3407 698 3440 suum
724 3392 870 3444 admiserit
908 3391 998 3442 inde
990 3408 1019 3440 111
1035 3391 1191 3441 Valachram
1208 3391 1317 3442 delatus

225 3461 393 3528 aegritudine
414 3477 496 3510 anrmr
515 3461 648 3511 extructus
672 3469 719 3511 est.
758 3464 882 3514 reductus
900 3465 992 3530 ttaque
1013 3479 1041 3511 rn
1059 3461 1250 3512 sanctissimam
1269 3479 1317 3512 se·
1352 3510 1358 3526 ,
1439 3518 1440 3535 ¹

177 3571 181 3578 ,
208 3531 286 3590 xdem
307 3531 482 3592 Pachomins,
506 3531 640 3592 loacirno,
659 3533 705 3600 qui
730 3550 784 3582 non
803 3543 874 3584 recta
895 3536 937 3584 via
955 3532 1156 3591 conscenderat,
1178 3532 1248 3584 insto
1270 3534 1316 3583 dei

224 3603 328 3654 iudicio
347 3606 486 3668 castigato.
527 3602 630 3652 haec
622 3619 651 3652 ιο
680 3604 791 3654 ecclesia
818 3613 846 3654 et
872 3602 1051 3671 patriarchatu
1073 3620 1130 3652 non
1149 3602 1244 3654 ordine
1265 3622 1317 3655 nec

226 3683 297 3727 recte
316 3674 509 3734 administrata,
531 3673 603 3742 quod
618 3691 742 3742 proceres
759 3675 836 3726 rionis
848 3675 1028 3734 flecterentur,
1047 3690 1097 3722 nec
1116 3672 1182 3741 quid
1201 3675 1225 3724 ei
1245 3675 1316 3725 utile

226 3755 297 3798 esset
315 3745 366 3796 sibi
386 3746 555 3812 propositum
570 3743 710 3804 habereut,
730 3745 776 3794 sed
794 3747 884 3815 potius
900 3746 1069 3798 Christianae
1088 3744 1172 3810 gentis
1191 3745 1314 3797 infortu-

225 3818 298 3866 nium
320 3825 348 3867 et
368 3815 496 3880 dissidia,
515 3833 582 3885 quae
601 3818 638 3866 eis
664 3815 813 3868 identidem
833 3819 971 3868 materiam
990 3815 1128 3885 pecuniae,
1146 3831 1215 3884 quac
1246 3817 1315 3886 ipsis

224 3903 273 3954 pro
293 3885 343 3936 deo
363 3895 412 3948 cst,
431 3887 615 3954 emungendae
634 3886 743 3938 dabant.

293 3975 395 4024 Potitus
412 3974 464 4026 hoc
482 3975 561 4025 modo
575 3975 714 4025 Selirnes'
708 3975 820 4043 nuperio
846 3975 981 4040 profectus
1000 3981 1040 4024 est
1061 3975 1176 4042 ipsemet
1195 3974 1314 4022 Prusam.

224 4052 288 4096 tunc
300 4044 360 4094 ad
352 4063 438 4132 rpsnrn
458 4045 566 4096 adducti
585 4054 647 4096 stant
660 4046 778 4095 eCilicia
792 4046 841 4094 filii
861 4045 1060 4104 fratrisomnes,
1082 4061 1149 4113 quos
1167 4044 1315 4094 interfecit

224 4115 288 4166 inde
310 4111 474 4184 Magnesiam
496 4116 654 4176 contendit,
682 4115 808 4168 adversus
829 4117 936 4197 fratrem
956 4117 1097 4168 Curcutam
1115 4115 1248 4184 Zelepen,
1266 4117 1316 4184 qui
