2884 4775
555 238 757 305 ronnei.
896 197 900 205 ’
1148 240 1193 313 ro

105 388 300 471 διεφημίσθη
320 388 357 450 δὲ
379 380 430 450 ότι
453 382 581 454 ἔνδοθεν
599 391 657 454 τού
675 388 815 471 τόστρου
835 391 976 455 δόδοσκαν
997 394 1092 481 αύτῷ.
1112 393 1193 461 α’λλύ

103 488 136 549 τό
158 488 276 571 α’ληθὲς
299 485 404 562 ου’δείς
425 482 518 564 οἶδεν,
543 484 628 563 dunc
649 492 779 571 ἐγένετο.

186 586 307 649 Τούτου
329 587 440 650 δὲκαὶ
462 583 509 651 ἔτι
541 589 805 673 α’ντιμαχούντος,
837 586 957 672 βουλὴν
987 593 1193 675 ποιησόμενοι
1231 623 1241 639 ι

103 680 130 747 oi
151 680 287 748 ἐντόπιοι
311 682 458 765 ἔπεμψαν
476 684 554 767 pert
576 692 744 769 πλοιαριόο
765 690 882 773 μικροῦ
901 692 955 753 κατ’
972 696 1085 773 παχέος
1101 695 1193 770 νέους

77 780 333 865 5τεσσαοόκσντει
371 780 457 860 iana
486 786 711 869 πυρσολήσωσι
744 786 800 871 την
839 784 987 869 α’(ιμόδαν
1010 788 1193 874 Ἀγαρηνῶν

100 888 251 968 κρυφίοις,
272 882 451 962 ἐξελθόντες
486 883 546 949 αἰτό
567 888 624 950 τού
646 891 779 972 κυνηγοῦ
806 891 862 971 τῆς
884 874 1005 972 πύλης(
1036 884 1056 951 ό
1076 892 1117 974 δη
1138 896 1195 957 ’κατ’

97 981 254 1060 μαθόντες
277 982 306 1049 oi
327 987 361 1049 ἐν
381 987 411 1048 Γ
409 989 512 1071 ιελατᾷ
532 984 692 1069 Φρόγγοι,
722 988 832 1071 φιλίαν
858 986 937 1071 πρός
961 986 1120 1071 Τούσκους
1141 994 1191 1055 ε’ν·
1286 1017 1289 1032 ¹

100 1080 315 1166 δεικνύμενοι,
346 1090 531 1165 ποιήσαντες
562 1089 655 1170 aptita
677 1080 801 1151 όνιοθεν
829 1093 888 1152 τού
907 1088 1046 1171 μεγάλου
1068 1088 1190 1172 πύργου

98 1177 218 1264 εἴδησιν
238 1185 434 1267 ’Ἀγαρηνοῖς
463 1182 604 1248 ἔδωκαν·
644 1188 702 1249 καί
735 1185 866 1270 ἀφέντες
897 1186 1012 1272 οκευην
1043 1190 1190 1273 topacio-

60 1285 90 1339 10
99 1280 157 1343 δαν
178 1286 344 1365 λεγομένην
380 1286 415 1346 τίι
443 1287 503 1346 τῶν
526 1287 684 1367 κατέργιον
717 1287 892 1369 ἑβούλησαν
918 1285 973 1370 την
998 1290 1188 1371 Τριβούδαν,

96 1384 152 1444 καί
179 1383 394 1467 όιιειινιγησαν
423 1381 452 1446 οὶ
477 1386 660 1463 θαυμαστοὶ
678 1388 811 1465 ἐκεῖνοι,
831 1386 887 1451 καί
908 1386 942 1451 όν
975 1382 1089 1451 ύδασιν
1109 1389 1189 1451 aind-

95 1482 204 1547 θανον.

182 1583 293 1646 Ταύτα
312 1574 368 1647 σύν
391 1582 526 1667 δρῶντες
557 1580 586 1648 oi
613 1586 666 1667 τῆς
687 1584 825 1666 πόλεως,
849 1585 968 1660 unitio
991 1592 1066 1651 νοῦν
1089 1588 1188 1667 otras-
1262 1639 1264 1644 .

94 1704 141 1745 νοι
164 1704 209 1751 το,

57 1798 85 1849 to
294 1786 374 1846 θεοῦ
393 1784 534 1859 διδόντος
559 1783 653 1849 ούδὲν
681 1784 789 1867 ἰσχύει
810 1783 946 1871 φθόνος,

292 1880 348 1947 κατ’
369 1881 414 1965 μη
439 1880 583 1959 διδόντος
603 1886 696 1949 oridia
718 1883 823 1967 ἰσχύει
845 1882 964 1963 πόνος,

90 1987 189 2054 ’πόλιν
210 1987 337 2056 ἒιιοιόυν
360 2016 409 2072 τι,
436 1990 492 2055 κατ’
520 1989 553 2056 τό
577 1989 656 2056 nord
681 1992 816 2072 δύναμιν
837 1993 895 2055 ούκ
916 1993 1063 2074 ἠμέλουν.
1105 1988 1185 2055 οἷλλό

91 2092 273 2175 τίτιοιῆοοι
300 2084 386 2173 εἶχον
414 2092 460 2166 εἰς
492 2094 584 2156 τόσον
603 2093 723 2174 πλῆθος
750 2086 900 2173 όιτειρονς
934 2092 990 2154 ἕνα
1018 2090 1116 2153 εἰπεῖν
1138 2090 1183 2164 εἰς

90 2189 235 2272 χιλόουςς
258 2188 360 2267 οὐδέν,
386 2191 418 2253 εἶ
436 2189 481 2272 μη
502 2191 655 2272 μόνοντὰ
679 2194 899 2257 ἐπικαλεῖσθαι
919 2191 976 2272 την
996 2189 1089 2253 θείαν
1107 2188 1184 2272 βοη-

51 2296 81 2348 20
93 2295 187 2352 θετον
205 2288 260 2353 καί
279 2290 428 2371 πράττειν
456 2292 510 2354 αἐύ
526 2317 555 2355 τι
583 2294 643 2355 ταῖν
671 2290 823 2354 δυνατῶν.
864 2286 986 2373 γνόντες
1005 2281 1062 2352 ούν
1081 2282 1132 2353 ότι
1153 2285 1183 2350 οἱ

19 2453 20 2458 ,
89 2381 264 2472 τῆς“”Αγο(ι
285 2387 454 2470 βούλονται
475 2394 586 2455 δοῦναι
605 2391 741 2473 πόλεμον
752 2396 853 2476 μέγαν
870 2392 923 2455 κατ’
945 2390 1081 2455 δυνατόν
1100 2414 1183 2454 σαν-

88 2493 225 2577 στρατιηῖ
249 2481 360 2572 αύριον
390 2493 467 2557 κατό
503 2495 556 2576 τῆς
586 2489 707 2567 πόλεως
729 2494 785 2556 καί
811 2488 914 2555 πόντοι
943 2493 1035 2555 λίθον
1052 2492 1180 2574 κινῆσαι
1231 2523 1236 2530 ·

84 2751 143 2803 iiiic
161 2751 220 2819 ipae
249 2750 321 2802 diem
348 2769 424 2803 suum
452 2751 528 2804 obiit.
565 2769 671 2822 sparsus
698 2751 752 2804 fuit
774 2767 864 2804 rumor
889 2755 959 2804 intra
983 2754 1119 2805 civitatem
1139 2752 1174 2805 ab

83 2823 180 2893 aliquo
199 2839 353 2892 percussum
372 2839 440 2874 esse.
457 2873 460 2882 ,
477 2823 526 2875 aed
544 2839 575 2874 ea
593 2824 627 2874 de
648 2839 675 2874 ro
692 2823 762 2874 nihil
782 2826 846 2875 certi
868 2831 982 2875 constat.

155 2907 242 2960 Antea
262 2925 334 2972 vero,
353 2926 411 2959 cum
431 2909 453 2961 is
471 2909 559 2960 adhuc
578 2927 627 2980 pro
647 2911 713 2961 urbe
734 2918 924 2980 propugnaret,
943 2908 1084 2978 oppidani,
1101 2909 1172 2959 deli-

82 2977 228 3031 beratione
246 2978 347 3042 habita,
367 2981 473 3048 navigio
495 2999 576 3050 parvo
599 2997 628 3031 ac
647 2981 728 3031 celeri
747 2980 924 3050 qnadraginta
942 2980 1051 3030 iuvenes
1071 2981 1171 3031 emise-

81 3056 155 3113 runt,
176 3051 224 3120 qni
245 3051 313 3101 clam
333 3049 458 3102 hostilem
483 3052 591 3102 classem
617 3047 812 3113 incenderent,
832 3051 948 3117 Cynegia
965 3058 1044 3119 porta
1063 3051 1170 3116 egressi.

80 3119 108 3170 i'd
129 3138 190 3171 cum
210 3123 309 3184 Latini,
328 3123 374 3191 qui
394 3122 515 3173 Galatam
539 3121 716 3184 incolebant,
737 3123 927 3191 percepissent,
945 3121 1029 3172 studii
1046 3121 1087 3170 aui
1107 3137 1170 3187 erga

79 3191 181 3243 Turcae
203 3191 370 3258 significandi
389 3209 477 3256 causa,
494 3193 616 3244 flammae
645 3192 678 3243 de
708 3209 804 3260 magna
830 3193 897 3242 turri
918 3191 1026 3254 indicio,
1044 3190 1168 3242 hostibus

78 3279 124 3312 eos
150 3262 337 3332 prodiderunt.
382 3265 430 3332 qui
459 3264 540 3331 globo
569 3261 733 3313 bombardae
757 3280 772 3313 e
798 3263 899 3314 triremi
925 3263 1021 3314 emiano
1049 3253 1168 3314 eeioceru

76 3332 289 3385 submerserunt.
312 3335 348 3385 ita
362 3335 489 3404 praeclari
502 3335 543 3384 illi
557 3335 667 3385 iuvenes
681 3334 761 3385 ritant
775 3335 853 3403 aquia
870 3335 992 3385 suffocati
1010 3334 1166 3385 amiserunt.

148 3420 198 3472 Hir
216 3420 281 3474 vitia
302 3421 441 3492 oppidani,
459 3437 517 3472 cum
532 3419 604 3490 apud
623 3421 725 3472 animos
741 3435 804 3472 auos
823 3420 892 3471 iliud
912 3428 1082 3490 reputassent

277 3516 348 3568 “deo
368 3519 480 3570 iuvante
498 3517 538 3568 nii
556 3525 636 3569 nocet
653 3517 747 3568 oculus
768 3516 883 3577 invidus,

279 3595 308 3639 et
327 3605 382 3640 uon
402 3590 510 3640 iuvante
530 3589 568 3638 nil
588 3589 661 3640 vaiet
682 3587 760 3638 iabor
779 3588 942 3656 improbus,”

72 3687 166 3722 rursua
185 3671 220 3723 ad
241 3672 425 3726 defensionem
444 3691 473 3727 re
492 3674 690 3744 comparabant,
707 3691 812 3745 proque
832 3675 903 3725 virili
922 3689 969 3724 aaa
988 3681 1064 3743 parte
1082 3672 1161 3737 nihii,

70 3741 149 3812 quod
168 3741 204 3794 ad
224 3745 338 3798 ralntem
356 3749 516 3815 pertineret,
536 3746 797 3814 praetermittebant.
839 3745 886 3796 aed
905 3744 970 3812 quid
989 3753 1081 3796 contm
1097 3747 1161 3814 ‘tan-

69 3821 126 3864 tam
145 3814 350 3870 multitudinem
370 3817 545 3868 barbarorum
564 3817 701 3868 facerent?
744 3815 897 3890 quidxunno
916 3814 1041 3866 adversus
1062 3816 1104 3884 (ut
1121 3817 1160 3866 ita

68 3883 172 3954 dicam)
191 3887 288 3939 mille?
323 3889 393 3938 nibil
412 3897 494 3950 certe,
514 3889 565 3938 nisi
585 3897 614 3939 ut
631 3895 734 3938 tanturn
754 3887 894 3955 implorata
906 3886 997 3936 divina
1018 3902 1070 3954 ope
1088 3902 1160 3936 aem·

66 3971 117 4022 per
134 3955 242 4026 aliquid
264 3975 312 4026 pro
330 3960 401 4010 virili
421 3960 549 4010 iacerent.
586 3960 693 4026 cognito
713 3958 794 4024 igitur
813 3957 943 4026 postridie
959 3958 1094 4024 Agerenos
1112 3972 1159 4006 ve·

65 4023 273 4082 hamentisaime
286 4039 487 4098 oppugnaturos
501 4029 592 4081 urbem
604 4029 729 4082 omuibus
748 4027 842 4096 copiis,
862 4045 1021 4096 omnemque
1040 4028 1156 4096 lapidem

64 4105 199 4160 moturos,
219 4117 323 4152 omnem
338 4100 561 4154 machinationem
573 4100 606 4151 ad
627 4099 834 4169 expugnandum
856 4097 1034 4160 adhibituros,
1057 4099 1154 4164 egressi
1177 4167 1180 4175 Ι
