2884 4775
272 241 343 321 stt
691 251 906 347 lateranas

268 400 402 479 siccior
424 402 610 475 καίδοῦλος
634 402 691 464 τοῦ
715 400 836 482 πατρός
847 392 912 481 τόν,
935 401 990 463 καί
1011 397 1085 481 οόχί
1107 398 1141 463 τό
1168 400 1319 468 ἐναντίον.
1346 396 1363 461 ό

266 486 467 585 πατριάρχης
489 503 534 580 δέ,
554 498 633 564 κατά
655 497 690 565 τό
706 497 939 583 πατριαρχικόν
958 500 1090 579 ἀξιωμα,
1113 500 1155 573 τός
1172 496 1275 581 πατὴρ
1302 501 1368 562 τοῖν

269 587 398 683 πάτρων
420 599 474 663 καί
495 598 538 673 aie
565 598 682 680 ποιμὴν
704 602 767 662 τοόν
790 600 961 677 ποιμένων,
992 602 1231 680 μητροπολιταῖν
1254 599 1368 679 ἀρχιε-

269 700 430 765 πισκόπων
450 699 504 761 καί
526 695 702 763 ἐπισκόπων
728 700 783 762 καί
801 694 916 771 παντὸς
948 695 1118 779 ἱερωμένου
1140 700 1195 760 καί
1214 696 1370 776 κοσμικοῦ

270 798 346 884 όλης
366 804 423 881 τῆς
445 800 637 881 οἰκουμένης,
661 801 715 860 καί
735 808 915 879 χειροτονεῖ
934 803 1010 871 τους
1031 803 1269 879 μητροπολίτας.
1314 800 1396 859 καί5

269 899 497 984 μητροπολίτης
526 900 760 980 μητροπολίτην
790 908 970 980 χειροτονεῖ
997 894 1075 975 μετά
1108 900 1277 978 ἐπιτροπῆς
1311 902 1370 959 τοῦ

270 998 494 1082 πατριάρχου,
513 994 592 1059 κατά
615 993 670 1078 τόν
689 995 922 1079 πατριαρχικην
944 995 1089 1075 ἐξουσίαν
1110 995 1163 1059 κατ’
1183 993 1369 1077 κυριότητα.

271 1100 326 1159 καί
349 1098 517 1169 ἐπίσκοπος
546 1092 713 1159 ἐπίσκοπον
740 1105 917 1179 χειροτονεῖ
939 1094 1020 1176 μετά
1051 1096 1209 1178 θελησεως
1229 1096 1285 1157 τοῦ
1308 1120 1372 1177 μη-

271 1194 467 1280 τροπολίτου.

348 1291 465 1374 Ὅμως,
486 1292 593 1369 καθώς
625 1292 737 1373 ἔλαβεν
759 1292 776 1355 ό
799 1293 898 1367 αάτός
918 1294 1077 1376 Ἀρσένιος
1107 1291 1159 1355 τόν
1181 1292 1297 1374 θρόνον
1316 1294 1371 1373 τῆς
1383 1313 1417 1364 10

273 1392 507 1474 Μονεμβασίας
527 1392 587 1472 ἔξω
607 1394 757 1474 κανόνων,
777 1394 819 1467 οῖς
834 1392 974 1476 εἴπομεν,
997 1389 1188 1474 ἐλειτούργει
1202 1391 1285 1472 μετά
1311 1394 1371 1453 τοῦ

273 1493 364 1577 ἱεροῦ
383 1499 402 1531 ³⁹
422 1492 602 1577 σονθρόνου
626 1492 667 1567 οῖς
692 1492 929 1579 μητροπολίτης,
955 1498 1008 1557 καί
1025 1490 1220 1577 χειροτονίας
1241 1490 1371 1569 ἔκαμνε,

274 1594 473 1677 ἀναγνώστας
501 1591 730 1668 όποδιακόνους
761 1595 926 1671 διακόνους
958 1598 1012 1657 καί
1038 1592 1152 1677 ἱερεῖς,
1185 1591 1240 1654 καί
1270 1589 1372 1653 πάντα

276 1690 336 1767 ὅλα
357 1690 394 1759 τοὶ
418 1690 638 1777 ἀρχιερατικά.
681 1698 737 1757 καί
750 1693 866 1773 μαθάν
880 1700 973 1760 τοῦτο
994 1696 1014 1778 ἦ
1038 1699 1157 1777 μητέρα
1178 1688 1372 1770 τοῖν-ἐκκλη-

277 1797 364 1874 σιῶν,
389 1789 407 1879 ἦ
430 1792 581 1875 καθολικη
604 1792 808 1877 καίμεγάλη,
827 1796 1016 1863 ἀπέστειλαν
1041 1792 1120 1875 πρός
1148 1789 1247 1855 ου’τόν
1268 1794 1373 1869 τίμιον
1384 1797 1417 1847 15

276 1890 507 1976 πατριαρχικόν
526 1890 677 1976 γράμμα,
708 1893 761 1957 ἵνα
790 1895 897 1981 παόση
924 1898 979 1977 τῆς
1005 1895 1230 1976 ἀρχιερατικῆς
1251 1891 1374 1973 ἀπηρε·

276 1998 349 2071 σίας
369 1994 412 2069 σός
433 1995 624 2074 παρανόμως
654 1992 736 2056 inssi
769 1992 1009 2079 ἐχειροτονήθη,
1031 1998 1086 2058 καί
1109 1990 1251 2075 μοιχεύει
1278 2014 1375 2054 πνευ-

277 2098 439 2178 ματικαῖς,
467 2092 522 2156 καί
549 2091 649 2168 αότός
676 2094 856 2177 χειροτονία
884 2097 937 2159 tto
966 2093 1078 2177 ἔλαβεν
1100 2090 1174 2157 οὐδὲ
1193 2092 1292 2175 χάριν
1316 2092 1375 2154 τοῦ

278 2196 435 2275 παναγίσυ
466 2190 652 2272 πνεύματος.
708 2187 910 2268 ὃέπίσκοπος
935 2190 1002 2275 ἔχει
1022 2192 1120 2275 χάριν
1138 2194 1197 2254 τοῦ
1218 2192 1373 2271 παναγίου

279 2293 456 2372 πνεύματος
477 2289 531 2354 καί
550 2292 654 2371 altiles,
675 2284 750 2356 όταν
772 2290 873 2379 κάμνη
896 2290 990 2377 ἱερεῖς
1011 2291 1088 2356 κατά
1112 2290 1146 2355 τό
1169 2289 1420 2356 retentant-so

280 2416 341 2456 που
362 2393 502 2473 ἀξίωμα·
551 2396 605 2457 καί
632 2392 650 2476 ἦ
671 2397 850 2478 χειροτονία
881 2393 981 2477 ε’κείνη
1002 2391 1070 2457 ἔναι
1091 2393 1165 2475 ἁγία
1185 2393 1240 2455 καί
1259 2387 1374 2472 στερεά

280 2488 335 2554 sisoi
355 2494 409 2573 τῆς
428 2491 560 2574 χάριτος
592 2499 650 2556 τοῦ
672 2494 823 2574 παναχίου
849 2496 903 2556 καί
918 2495 1073 2571 ζωοποιοῦ
1095 2491 1282 2570 πνεύματος.
1306 2488 1376 2569 ἀμὴ

280 2593 446 2666 ἐπίσκοπος
465 2589 503 2654 νά
525 2590 729 2678 χειροτονήσῃ
750 2598 977 2676 μητροπολίτην
998 2589 1065 2654 ε”ναι
1086 2590 1300 2672 ἀσεβέστατον
1321 2587 1381 2652 καί

281 2893 417 2954 convenit,
438 2901 465 2944 et
486 2894 556 2961 patri
576 2893 736 2944 subiiciatur
754 2911 810 2955 suo,
829 2911 885 2946 non
904 2902 992 2946 autem
1013 2903 1106 2947 contra
1125 2894 1180 2945 fiat.
1219 2891 1378 2962 patriarcha

281 2982 354 3027 vero,
371 2981 420 3033 pro
438 2963 614 3032 patriarchica
628 2966 785 3026 eminentia,
805 2973 923 3034 utpater
940 2975 1044 3033 patrum
1063 2967 1098 3016 sit
1117 2973 1145 3017 et
1162 2971 1195 3015 ‘ut
1212 2973 1308 3033 pastor
1328 2981 1379 3032 pa-

282 3043 400 3098 storum,
427 3036 678 3106 metropolitarum,
702 3035 978 3105 archiepiscoporum,
1002 3037 1188 3106 episcoporum
1208 3043 1235 3086 et
1255 3038 1380 3085 omnium

282 3115 445 3158 sacratorum
463 3107 647 3176 laicorumque
665 3123 714 3178 per
732 3115 818 3159 totum
839 3107 1038 3159 terraeorbem.
1075 3105 1120 3158 hic
1141 3122 1202 3174 ergo
1223 3115 1298 3158 creat
1321 3123 1381 3156 sne-

282 3178 434 3246 tropolitas‚
453 3187 481 3228 et
502 3179 674 3246 metropolita
690 3178 890 3245 metropolitam
908 3177 1030 3244 designat
1048 3177 1213 3246 patriarchae
1232 3178 1379 3246 permissu,

282 3266 331 3318 pro
351 3254 484 3317 potestate
504 3255 532 3299 et
549 3251 709 3301 astatoritate
735 3265 813 3318 quam
831 3266 846 3298 a
867 3247 1016 3316 patriarcha
1043 3251 1155 3316 accepit.
1201 3247 1297 3298 sedet
1318 3248 1376 3316 epi·

284 3336 380 3385 scopus
402 3319 567 3386 episcopum,
587 3319 760 3387 metropolita
776 3319 958 3388 permittente,
982 3318 1171 3371 eodemmodo
1191 3319 1264 3369 iacit.
1284 3336 1380 3369 verum

285 3390 434 3439 institutam
453 3389 634 3438 narrationem
654 3406 809 3459 persequor.

375 3476 444 3527 Tum
472 3476 564 3544 itaque
588 3475 715 3525 thronum
746 3475 941 3528 Monembasise
966 3476 1091 3526 Arrenius
1110 3492 1143 3526 eo
1171 3491 1225 3545 quo
1260 3473 1381 3526 diximus

287 3543 368 3596 modo
387 3544 510 3614 adeptus,
530 3553 605 3596 extra
618 3563 743 3605 canones,
763 3547 842 3596 sacris
862 3546 998 3613 operando
1012 3565 1069 3596 cum
1085 3564 1159 3598 sacro
1180 3561 1310 3596 consessu
1331 3564 1381 3614 pro

288 3617 460 3684 metropolita
480 3633 508 3666 se
528 3616 651 3684 gerebat:
673 3625 832 3683 anagnostes
858 3617 1030 3684 designabat,
1051 3615 1263 3686 hypodiaconos,
1286 3615 1381 3666 ‹liaco-

238 3731 242 3744 ,
288 3703 338 3737 nos
369 3695 396 3737 et
422 3687 582 3740 sacerdotes.
626 3688 715 3738 omnia
748 3687 865 3756 denique
894 3687 1033 3755 pontificia
1060 3690 1151 3740 munia
1180 3686 1380 3756 exequebatur.

290 3756 356 3807 haec
373 3773 432 3807 curn
454 3760 602 3809 rescivisset
627 3776 723 3825 magna
756 3767 783 3809 et
802 3757 933 3810 catholica
952 3759 1126 3810 ecclesiarum
1146 3766 1247 3816 mater,
1269 3759 1382 3808 missurn

290 3825 380 3879 estad
399 3844 459 3878 eum
477 3829 630 3881 venerabile
660 3829 864 3897 patriarchicum
881 3831 1026 3898 scriptum,
1046 3847 1101 3899 qao
1120 3828 1336 3880 interdicebatur
1356 3830 1383 3878 ei

291 3897 441 3966 pontificali
461 3898 702 3961 administratione,
723 3901 817 3970 utqui
838 3899 946 3952 violatis
974 3901 1081 3968 legibus
1102 3899 1241 3952 ordinatus
1262 3907 1336 3949 esset
1354 3906 1384 3948 et

290 3968 413 4036 spiritale
441 3968 541 4020 faceret
568 3968 748 4033 adulterium,
777 3972 911 4039 cumipse
937 3989 987 4024 nec
1006 3970 1204 4030 ordinationem
1222 3986 1273 4020 nec
1293 3969 1384 4020 sancti

290 4039 399 4106 spiritus
427 4041 536 4107 gratiam
561 4042 716 4111 accepisset.
761 4043 915 4112 episcopum
939 4041 1040 4094 habere
1069 4043 1178 4109 gratiam
1209 4040 1295 4090 sancti
1325 4041 1385 4107 spi·
1437 4053 1438 4112 η

291 4111 377 4176 ritus,
400 4127 513 4180 eamque
540 4110 623 4175 dare,
643 4111 753 4182 quando
772 4112 852 4164 iaciat
876 4113 1027 4168 sacerdotes
1052 4130 1085 4165 ex
1107 4113 1261 4181 episcopios
1285 4119 1385 4162 aueto—
1437 4121 1438 4172 3
