2884 4775
242 196 289 275 88
688 199 883 265 ursuoum

152 344 160 353 ’
239 352 372 429 κόσμου,
393 346 470 411 κατὰ
492 348 526 412 τό
551 348 824 430 παρόδειγμα·τοό
841 350 954 433 Ἰησοῦ,
976 342 1064 423 ὅστις
1085 344 1235 423 ἓκοαοιλος
1254 348 1331 414 cini·

238 457 318 513 θανε
353 445 430 510 κατὰ
460 446 495 510 τό
532 448 730 532 α’νθριότιινον
759 449 839 530 ότιὲρ
872 450 928 512 τοῦ
957 451 1104 530 σωθῆναι
1130 446 1184 511 τόν
1203 446 1331 531 κόσμον.

239 547 323 613 utro
343 544 528 626 πιστεύομεν
549 545 638 629 ἡμεῖς
659 540 720 610 τόν
734 546 788 611 ἕνα
810 546 884 611 θεόν
907 549 940 611 όν
968 545 1092 630 τριάδι,
1115 554 1238 632 πατέρα
1260 547 1333 612 οἶόν

238 647 293 711 κατ’
312 650 435 726 πνεῦμα
465 641 572 726 δι’γιον,
606 644 713 722 καθώς
743 642 919 725 ἑδόδαξτνό
942 646 1082 728 Χριστός
1105 648 1195 730 ἡμῶν
1214 649 1333 731 Ἰησοῦς

238 744 385 827 Χριστός.
442 748 496 808 κατ’
526 743 715 810 tractarat
736 747 877 828 ἀληθής,
900 745 1099 826 πιστεύομεν,
1122 743 1168 811 ότι
1190 750 1259 811 ἐστι
1278 748 1334 807 ιιαιΙ
1341 751 1360 802 5

239 848 442 929 αότοαληθὲς.
495 846 550 907 κατ’
580 842 609 908 οἱ
631 844 775 929 μαθηταί
802 848 906 909 aaroni
936 841 1038 919 οὕτως
1078 848 1226 923 ἐδίδαξαν
1247 845 1333 929 ἡμᾶς

238 943 445 1031 πλατύτερον.
501 942 583 1007 οὕτω
618 948 773 1029 νοοῦμεν,
810 945 865 1010 καί
898 944 961 1008 όπό
992 950 1048 1027 τῆς
1080 944 1245 1025 δυνάμεως
1276 948 1332 1027 τῆς

238 1045 364 1128 σοφιάς.

321 1142 355 1221 ζ’.
398 1142 599 1221 Πιστεόομτν
621 1136 669 1204 ότι
691 1140 707 1203 ό
730 1138 818 1222 λόγος
840 1144 898 1203 τοῦ
913 1143 1016 1221 θεοῦ,
1039 1144 1095 1205 καί
1115 1140 1131 1205 ό
1153 1135 1330 1228 ἅνθρωπος,

237 1240 274 1305 όν
295 1240 429 1326 ἐνεδόθη
454 1238 470 1303 ό
502 1239 592 1323 λόγος
622 1246 679 1306 tori
700 1245 786 1320 θεοῦ,
808 1243 894 1305 ἐστίν
924 1241 940 1303 ὃ
963 1239 1113 1324 Χριστός.
1154 1246 1210 1307 κατ’
1230 1238 1250 1325 ἦ
1271 1245 1330 1324 μὲν
1342 1248 1378 1300 10

238 1340 302 1426 ζωή
326 1346 386 1405 τοῦ
397 1344 587 1426 Χριστοόέν
603 1341 640 1424 τῇ
659 1342 756 1424 σορκδ
776 1340 876 1405 αότοῦ
892 1333 930 1423 ἦν
950 1340 1014 1425 ζωὴ
1040 1342 1212 1423 α’νθροόποα
1232 1340 1331 1423 όπερ-

238 1447 347 1524 αγιόυ,
380 1440 398 1525 ἦ
428 1443 463 1506 δὲ
490 1438 625 1521 δόναμις
647 1442 703 1525 τῆς
732 1440 849 1525 σοφίας
875 1440 928 1505 κατ’
949 1444 1013 1505 τῶν
1034 1439 1134 1527 ἔργων
1168 1443 1268 1506 αότοδ
1292 1436 1332 1527 ἧν

101 1563 104 1585 ¹
168 1578 171 1587 ι
237 1540 318 1603 deciri
338 1539 483 1619 δύναμις.

322 1637 359 1723 η’.
402 1643 606 1721 Πιστεόομεν
643 1638 709 1724 ότι,
733 1636 840 1721 ιδ’στιερ
875 1640 1006 1725 ἦψυχὴ
1030 1645 1086 1705 κατ’
1102 1640 1137 1706 τό
1158 1632 1252 1723 στόμα
1271 1642 1332 1705 τοῦ

237 1737 306 1815 ἑνός
327 1741 497 1823 α’νθριόπου
521 1744 637 1821 γίνεται
650 1734 695 1814 εἷς
708 1734 885 1821 ἅνθρωπος,
907 1737 1007 1815 οὕτως
1026 1738 1042 1804 ό
1062 1744 1151 1822 λόγος
1171 1743 1227 1805 τοῦ
1241 1742 1331 1820 θεοῦ,
1342 1748 1378 1801 15

238 1839 296 1924 ἀφ’
320 1834 386 1915 ἑνός
407 1842 533 1921 μέρους,
554 1844 609 1903 καί
622 1842 676 1904 ἀπ’
696 1834 795 1919 όιλλοο
809 1844 927 1924 μέρους
947 1842 967 1923 ἦ
989 1839 1081 1923 ψυχὴ
1102 1844 1156 1904 καί
1169 1838 1202 1905 τό
1225 1843 1331 1921 σῶμα,

178 1934 182 1947 ’
237 1938 301 2003 εἰσί
321 1935 451 2001 πόντοιο
473 1936 531 2001 δόο
551 1936 674 2025 φόσεις,
693 1940 923 2020 μιμορισμδναι
937 1941 1063 2012 τελείως
1083 1936 1116 2003 ἐν
1133 1938 1183 2003 ἔνι’
1201 1937 1332 2024 όνδροό-

237 2062 305 2125 negt·
347 2032 431 2099 otiam
453 2038 546 2122 καὶὴ
570 2038 779 2122 dasoundam
806 2037 862 2102 aui
881 2042 902 2122 ἡ
924 2036 1044 2120 δεότης,
1065 2037 1145 2102 εἰσὶν
1167 2040 1200 2101 ἐν
1220 2041 1263 2126 τῷ
1284 2031 1334 2101 ivl

217 2124 369 2223 ,Χριστῷ
388 2141 619 2217 μεμερισμένοι
640 2140 680 2225 τῇ
709 2139 806 2223 φύσει
825 2140 957 2220 τελείως,
980 2142 1057 2203 καθ’
1076 2133 1250 2201 όπόστασιν
1270 2138 1332 2217 μό.
1438 2205 1440 2212 J

236 2259 288 2301 νον
313 2235 369 2298 κατ’
393 2240 600 2317 προσωπικιός
633 2236 801 2322 ἡνωμέναι.
855 2241 909 2301 καί
928 2234 1001 2301 orire
1023 2233 1039 2300 ό
1059 2237 1147 2321 λόγος
1170 2238 1227 2302 aori
1252 2238 1377 2300 ticou‘w
1438 2269 1439 2290 ι

308 2389 332 2441 7.
350 2392 399 2442 καὶ
418 2386 505 2448 οὕτως
525 2387 664 2461 ἀκούομεν
690 2388 787 2445 αἰτόΡ
859 2391 900 2444 15.
920 2388 1134 2446 οότιικαὶόΡ
1222 2390 1263 2446 16.
1280 2395 1331 2463 μό·

308 2475 375 2530 ρους
392 2461 506 2512 alterum
529 2476 572 2511 om
589 2461 608 2510 P

239 2581 321 2631 stolus
348 2589 464 2641 s110a‚ut
481 2581 622 2632 veritatem
640 2581 668 2632 in
687 2589 776 2632 totum
795 2582 876 2632 etiam
895 2589 981 2633 terrae
997 2581 1091 2633 orbem
1112 2582 1328 2645 disseminarent,

238 2659 349 2720 propter
367 2653 504 2703 caritatem
525 2653 578 2714 dei,
598 2653 645 2721 qui
656 2653 743 2720 ipsum
766 2652 883 2716 miserat,
902 2661 929 2704 et
947 2653 1257 2722 proptercupiditatem,
1276 2669 1331 2722 qcra

237 2720 372 2788 flagrabat,
390 2723 485 2773 salutis
504 2722 613 2774 humaui
632 2723 746 2792 generis,
762 2723 907 2774 secundum
925 2726 1075 2792 exemplum
1088 2725 1170 2793 ipsine
1183 2727 1251 2785 lesu,
1270 2724 1330 2792 qui,

238 2809 291 2860 qua
302 2791 445 2843 humanam
460 2804 638 2864 assumpserat
648 2802 779 2856 naturam,
793 2812 842 2862 pro
855 2796 986 2846 communi
1002 2796 1089 2846 salute
1105 2795 1243 2846 hominum
1255 2795 1329 2846 ultro

239 2873 439 2917 emortuusest.
484 2865 521 2918 sic
550 2883 598 2916 nos
616 2864 748 2915 credimus
768 2882 847 2914 arnum
867 2867 897 2917 in
923 2867 1007 2917 trihus
1027 2867 1150 2935 personis
1170 2865 1258 2927 deum,
1277 2883 1328 2934 pa-

237 2942 304 2986 trem
324 2935 406 2987 fillum
424 2944 451 2987 et
468 2933 590 3009 spiritum
606 2945 736 2997 sanctum,
755 2936 979 3003 quemadmodum
998 2936 1124 2987 dominus
1144 2945 1235 2986 noster
1253 2937 1328 2987 [τιατ

220 3005 356 3064 ,Christus
376 3007 476 3059 docuit.
514 3015 542 3058 ct
558 3008 623 3077 quia
641 3023 719 3058 verax
738 3015 788 3068 est,
809 3007 941 3058 credimus
960 3025 1020 3058 eum
1040 3026 1099 3060 ease
1125 3008 1209 3075 ipsam
1227 3008 1329 3058 verita·

237 3085 301 3128 tem.
337 3077 462 3147 discipuli
484 3081 563 3129 etiam
585 3079 667 3147 ipsius
686 3078 725 3128 aic
738 3093 788 3128 noa
807 3077 887 3130 latius
907 3078 1068 3133 docuerunt.
1104 3082 1142 3130 sic
1160 3095 1193 3128 ex
1211 3078 1236 3128 ri
1256 3094 1329 3148 quo.

165 3165 168 3175 ¹
236 3164 289 3218 que
311 3150 461 3218 sapientiae
479 3149 668 3216 intelligimus.

435 3235 569 3287 Hactenus
588 3242 691 3286 sextum
714 3242 804 3305 caput.

323 3321 463 3373 Credimus
486 3321 575 3387 logum
605 3322 683 3372 illum
710 3321 756 3372 dei
784 3330 812 3373 et
831 3322 968 3373 hominem
996 3337 1011 3373 a
1036 3322 1099 3390 logo
1120 3320 1245 3371 indutum
1267 3336 1328 3370 ease

235 3390 378 3441 Christum.
424 3407 487 3442 sane
508 3393 562 3442 vita
581 3390 698 3452 Christi,
729 3409 810 3462 quam
829 3394 857 3443 in
883 3409 963 3443 carna
982 3408 1028 3442 sua
1046 3392 1171 3454 ducebat,
1192 3391 1328 3443 eratvita

234 3461 350 3512 hominis
370 3461 510 3536 plusquam
531 3462 626 3513 sancti.
662 3463 700 3514 vis
721 3472 810 3515 autem
828 3463 975 3532 sapientiae
1001 3470 1029 3515 et
1046 3479 1158 3538 operum
1179 3463 1239 3515 eiua
1267 3470 1328 3513 erat

146 3579 153 3584 .
235 3531 278 3582 dei
297 3532 428 3600 potentia.

417 3615 552 3672 Hactenus
564 3620 715 3688 'septimum
735 3628 824 3691 caput.

286 3705 432 3774 Credimus,
449 3706 674 3775 quemadmodum
689 3709 778 3757 anima
790 3716 817 3758 et
826 3725 921 3776 corpur
936 3708 1015 3758 tuntas
1026 3704 1143 3760 hominia
1155 3705 1327 3758 constituunt

234 3795 315 3828 unum
337 3776 487 3838 huminem,
509 3780 545 3829 ita
567 3780 656 3846 logum
677 3779 721 3828 dei
740 3779 775 3828 ab
793 3796 845 3830 una
867 3786 952 3847 parte,
970 3777 1004 3828 ab
1022 3778 1106 3828 altera
1124 3794 1187 3827 vero
1207 3775 1325 3828 animam

233 3857 261 3898 et
279 3865 374 3916 corpus
396 3865 453 3899 esse
473 3859 602 3917 perpetuo
622 3851 688 3900 duas
707 3857 817 3900 naturas
835 3850 954 3918 perfecte
967 3848 1064 3900 divisas
1083 3849 1111 3898 in
1130 3864 1184 3897 uno
1202 3845 1323 3897 homine.

232 3919 270 3968 sic
291 3927 319 3970 et
336 3919 488 3970 humanitas
516 3930 544 3971 et
564 3920 690 3972 divinitas
716 3929 778 3971 sunt
807 3922 835 3974 ia
868 3939 920 3972 uno
943 3919 1050 3971 Christo
1070 3927 1180 3969 naturae
1202 3917 1324 3986 perfecte

231 3987 340 4050 divisae,
360 3999 461 4041 tantum
482 3989 619 4059 hypostasi
643 4001 670 4043 et
697 3993 875 4060 personaliter
892 3991 1068 4044 coadunatae.
1114 4007 1145 4039 ac
1170 4006 1258 4057 neque
1278 3989 1322 4038 lo-

232 4065 278 4132 gos
297 4061 340 4118 dei
359 4069 476 4116 mutatus
507 4070 547 4115 est
575 4064 603 4116 iu
623 4079 727 4120 caraem
750 4071 796 4116 τοι
824 4064 853 4117 iu
873 4064 989 4121 animam
1009 4062 1127 4125 Christi,
1149 4077 1239 4130 neque
1259 4076 1323 4113 caro
