2884 4775
268 129 288 160 Ι

256 285 331 368 tto
379 365 383 370 ,
594 281 685 361 ,οε
711 291 844 362 umus
873 291 983 362 mim
1070 251 1076 261 “

255 473 383 561 ύρμαια
404 475 555 556 πολέμου,
576 477 757 555 κατέκοψαν
779 470 913 549 πολλούς’
935 464 989 558 όχι
1004 469 1098 556 μόνον
1119 467 1182 538 dut
1206 469 1282 548 τούς
1300 495 1359 535 πο-

255 582 384 659 λεμίους
404 572 486 638 άλλά
507 573 563 639 καί
584 576 755 655 άνοιιτιόυς,
776 573 869 654 διότι,
894 573 1000 658 ἐπειδὴ
1023 573 1191 658 ἐξημέρονε
1212 571 1360 656 κυριακη,

196 670 200 680 ’
254 677 397 762 ἐδέχοντο
426 675 472 752 εἷς
503 673 579 750 τούς
607 673 744 758 δρόμους
768 673 842 749 τούς
863 677 1054 758 ἐρχομένους
1082 677 1127 748 είς
1153 674 1210 756 τὴν
1231 667 1359 756 α’γοράν,

255 780 310 844 καί
329 777 403 853 τούς
426 774 570 842 ἔκοπτον.
621 775 761 860 μάλιστα
783 768 903 861 ἤθελον
936 776 975 842 νά
999 775 1121 856 κόμουν
1141 772 1247 859 κοινὴν
1270 799 1360 861 σφα-

254 879 312 963 γηιι
336 874 417 944 όλων
438 881 502 944 τῶν
525 879 755 943 κατοικούντων
783 877 818 942 τὸ
842 878 975 962 κάστρον
996 870 1222 960 Χριστιανῶν·
1273 871 1384 956 όμως5

255 980 337 1055 τινὲς
359 979 511 1066 φρόνιμοι
534 983 590 1045 καί
616 976 677 1042 olori
701 977 774 1058 τούς
803 981 1050 1063 προεστοτὲρους
1078 977 1187 1042 αύτιὸν
1208 975 1283 1053 τούς
1303 979 1360 1057 ἐμ·

253 1078 401 1144 αόδισαν.
423 1077 453 1143 οἱ
476 1082 512 1144 δέ
532 1083 703 1144 Ἰωαννῖιαι
726 1081 779 1143 δὲν
793 1080 989 1164 ἐφείοθησαν
1011 1075 1068 1162 τὴν
1086 1075 1278 1141 κατάστασίν
1298 1099 1361 1141 των

254 1179 455 1246 παντάπασιν
477 1184 523 1257 είς
544 1177 715 1263 αἀοφυγην
738 1179 853 1262 ταύτης
872 1180 927 1261 τῆς
948 1176 1116 1262 βαρβάρου
1138 1178 1274 1261 σφαγῆς.

348 1292 387 1361 Ὁ
416 1298 451 1362 δέ
472 1297 528 1379 τῆς
559 1295 756 1369 αἰιοοταοίας
786 1291 925 1380 α’ρχηγός
955 1291 1141 1372 Διονύσιος,
1170 1289 1213 1367 ὥς
1242 1282 1360 1373 ἤκουσε

252 1393 325 1473 τούς
356 1394 560 1480 α’λαλαγμούς
588 1399 651 1460 τῶν
687 1393 836 1479 Τούρκων
862 1397 917 1459 καί
945 1387 1009 1456 εἶδε
1038 1389 1112 1466 τούς
1142 1395 1218 1473 μεθ’
1239 1385 1361 1455 ἐαυτοῦ
1370 1401 1399 1456 10

254 1499 521 1581 σκοραισθέντας,
543 1493 663 1581 ἔφυγε,
691 1502 743 1562 καὶ
766 1494 869 1560 ἐλθών
893 1492 1041 1580 ἐκρύφθη
1072 1493 1117 1568 εἰς
1146 1491 1179 1556 τό
1202 1490 1360 1574 σπήλαιον

253 1596 308 1680 τῆς
328 1595 492 1680 ἐκκλησίας
511 1590 659 1664 Ἰωάννου
682 1600 742 1660 τού
764 1595 958 1681 προδρόμου,
987 1589 1066 1657 ότιου
1089 1593 1175 1676 τοτ’ρα
1202 1599 1302 1656 κεῖται
1325 1570 1358 1652 τό

253 1696 351 1778 τζαμέ
370 1699 428 1763 τού
442 1689 562 1763 Ἀσλάν
585 1699 682 1760 nand.
735 1695 817 1782 ἐγινε
840 1699 874 1760 δέ
896 1693 1017 1778 μεγάλη
1037 1697 1113 1777 ιιερί
1135 1693 1239 1756 αύιοό
1259 1689 1359 1775 ζητη-

254 1823 322 1880 σις,
360 1797 415 1863 καί
441 1798 547 1872 ούδείς
570 1791 663 1872 άλλος
691 1795 831 1883 ἐδυνήθη
853 1797 890 1861 νά
914 1795 969 1861 τόν
989 1792 1068 1883 εύρη
1092 1791 1178 1878 παρά
1199 1790 1239 1859 ’τό
1262 1791 1358 1874 μισό-

251 1924 381 1984 χριστον
402 1903 466 1964 τοῖν
484 1899 648 1964 Ἰουδαίων
668 1900 775 1983 γένος,
797 1895 827 1961 οἱ
851 1895 954 1962 ύιιοῖοι
983 1895 1131 1982 φέροντές
1151 1917 1204 1959 τον
1225 1895 1356 1974 δέσμιον
1368 1902 1396 1961 1⁵

252 1996 309 2064 τόν
330 2002 521 2084 παρέδωσαν
542 2001 586 2075 εἰς
611 1997 687 2075 τούς
707 2000 827 2083 κριτάς,
849 1999 903 2062 καί
934 1996 986 2060 διά
1009 1997 1190 2079 προσταγῆς
1208 1996 1273 2059 τῶν
1295 1991 1358 2076 άρ-

250 2097 374 2185 χόντων
393 2099 553 2184 Τούρκων,
571 2102 670 2182 χωρίς
695 2124 779 2175 τινος
801 2098 981 2178 ἐξετάσεως,
1003 2092 1215 2178 τόνέγόαρυν
1236 2096 1358 2171 ζωντα.

251 2198 314 2279 νόν,
335 2197 390 2264 καί
409 2198 594 2283 γεμίσαντες
617 2198 652 2263 τό
676 2202 778 2285 δέρμα
794 2224 849 2265 του
870 2191 991 2282 άχυρον
1013 2195 1047 2260 τό
1071 2197 1266 2281 περιέφερον
1291 2189 1355 2256 dut

252 2298 343 2365 πόλιν
365 2301 411 2376 εἰς
432 2297 532 2382 πόλιν,
557 2300 613 2366 καί
633 2308 719 2378 τέλος
741 2301 796 2367 καί
814 2303 859 2378 εἰς
889 2297 987 2383 αύτὴν
1008 2295 1063 2382 τῆς
1087 2293 1359 2362 Κωνσταντινού-

252 2399 352 2469 πολιν.
408 2406 529 2485 λέγεται
560 2406 595 2468 δέ
615 2398 665 2468 ότι
699 2407 768 2470 ἐκεῖ
787 2400 933 2490 ἐσηκιάθη
962 2402 1018 2465 καί
1048 2396 1237 2482 όβασιλεός
1258 2396 1297 2463 νά
1321 2392 1395 2461 rito

252 2498 316 2589 ἰδῇ,
339 2499 394 2566 καί
416 2498 514 2581 ούτως
535 2502 704 2589 ἐπληρώθη
737 2502 847 2589 τὸτῆς
884 2502 1081 2589 προφητείας
1102 2521 1159 2564 του
1181 2494 1283 2579 λοξόν,
1305 2493 1358 2559 ὅτι

252 2599 365 2683 ἔμελλε
384 2602 424 2668 νά
445 2604 550 2692 ύνιάγη
581 2610 636 2669 καί
655 2607 699 2679 εἰς
728 2603 786 2690 την
808 2601 1156 2683 Κωνσταντινοόιιολιν,
1179 2596 1239 2664 καί
1257 2594 1358 2672 αύτός

253 2699 271 2765 ό
291 2702 442 2785 βασιλεύς
464 2702 502 2770 νά
526 2704 582 2770 τόν
602 2708 746 2794 σηκωθῇ.

251 3035 298 3107 qui
316 3034 351 3086 ad
369 3034 459 3087 lorum
482 3034 573 3100 ibant,
586 3044 625 3088 *et
654 3036 857 3089 interfecerunt.
894 3036 1014 3088 libenter
1031 3036 1179 3089 voluerunt
1198 3034 1357 3102 generalem

251 3108 382 3170 omnium,
402 3109 448 3177 qui
467 3106 496 3158 in
515 3108 635 3160 (instello
647 3108 864 3181 Christianorum
882 3107 1054 3171 habitabant,
1074 3107 1182 3159 caedem
1201 3108 1357 3167 instituere,

252 3179 299 3230 sed
319 3179 445 3231 nonnulli
465 3180 612 3247 prudentes
633 3182 715 3232 duces
735 3192 829 3232 eorum
849 3195 894 3231 eos
913 3180 946 3232 ab
968 3180 1018 3231 hac
1038 3196 1066 3231 re
1079 3177 1288 3249 prohibuerunt.
1312 3180 1357 3229 lo-

228 3290 231 3297 .
252 3251 364 3301 onuitae
384 3259 475 3301 autem
492 3253 625 3320 pecuuiso
645 3254 758 3305 omnino
782 3270 839 3305 uon
857 3260 1055 3323 pepercerunt,
1074 3260 1105 3303 ut
1122 3250 1265 3301 barbarum
1284 3250 1356 3300 hanc

253 3322 364 3372 casdem
382 3322 508 3373 vitarent.

284 3422 287 3427 ·
353 3408 502 3461 Seditiouis
521 3419 611 3462 autem
633 3412 688 3463 dux
707 3414 851 3481 Dionysius
872 3421 903 3465 ut
921 3400 1025 3464 audilit
1045 3412 1177 3464 clamores
1193 3410 1358 3473 Terrarum,

252 3486 280 3529 et
299 3495 362 3530 suos
382 3480 528 3548 dissipatos
546 3483 627 3546 vidit,
646 3485 766 3551 aufugit,
786 3488 859 3538 etin
879 3492 984 3536 antrum
1005 3485 1135 3536 ecclesiae
1157 3484 1268 3534 loannis
1288 3502 1357 3553 pro-

250 3549 337 3600 dromi
356 3563 384 3602 se
403 3552 519 3616 abdidit,
540 3554 586 3604 ubl
606 3573 678 3607 nurus
697 3559 748 3609 sita
768 3567 808 3610 est
826 3557 938 3607 ecclesia
960 3556 1065 3608 Asianis
1084 3554 1210 3626 paschae.
1239 3563 1283 3606 est
1305 3574 1358 3606 au-

250 3629 303 3671 tem
323 3632 434 3691 propter
451 3642 512 3677 eum
530 3642 626 3693 magna
647 3630 772 3682 instituta
792 3630 974 3696 investigatio,
994 3642 1084 3697 neque
1105 3628 1173 3677 alius
1195 3642 1256 3677 eum
1275 3644 1357 3697 repe-

250 3693 305 3743 rire
324 3696 415 3761 potuit
429 3706 536 3764 praeter
553 3700 689 3750 inimicam
708 3700 808 3751 Christi
829 3699 996 3751 ludaeorum·
1005 3708 1121 3767 gentem,
1142 3696 1189 3769 qui
1210 3714 1356 3749 eumcum

194 3784 202 3807 ι
249 3764 368 3838 vinctum
388 3765 578 3835 adduxissent,
607 3770 744 3823 iudicibus
769 3772 955 3835 tradiderunt,
984 3780 1066 3841 atque
1092 3770 1121 3821 hi
1147 3768 1259 3839 quidem
1280 3771 1357 3821 iussu

249 3835 404 3907 principum
425 3838 570 3892 Tur-sarum
589 3844 647 3894 sine
665 3845 723 3895 ullo
743 3843 846 3894 iudicio
859 3844 932 3894 corio
946 3850 1080 3894 exuerunt
1098 3842 1198 3903 vivum,
1218 3846 1246 3891 et
1263 3849 1356 3893 cutem

250 3908 308 3958 eius
325 3924 385 3959 eum
405 3912 531 3963 stramine
549 3915 753 3985 implevissent,
781 3914 815 3965 ab
843 3914 909 3965 urbe
933 3916 968 3965 ad
994 3915 1087 3965 urbem
1112 3913 1357 3975 circumferebant,

248 3987 414 4048 postremum
433 3983 513 4033 etiam
533 3986 808 4056 Constantinopolim.
846 3986 946 4037 dicitur
964 3996 1053 4037 autem
1074 3985 1156 4036 etiam
1176 4000 1222 4034 rex
1241 3984 1356 4035 lbisur·

250 4051 359 4114 rexisse,
380 4060 410 4104 ut
431 4067 489 4103 eam
506 4056 618 4118 videret,
637 4066 719 4128 atque
739 4059 779 4109 sie
800 4067 937 4127 peractum
956 4068 1005 4119 ost,
1024 4056 1099 4127 quod
1117 4054 1245 4123 ambigue
1267 4070 1354 4125 prae-

249 4120 362 4186 dixerat,
380 4140 408 4176 se
430 4127 512 4176 etlam
523 4128 787 4200 Constantinopolim
806 4130 999 4201 proiecturum,
1020 4141 1163 4197 regemque
1182 4128 1273 4197 lpsnrn
1294 4127 1350 4180 sibi

249 4190 404 4249 advenienti
423 4207 604 4252 surrecturum
626 4216 694 4253 esse.
