<?xml version="1.0" encoding="UTF-8"?>
<!DOCTYPE html PUBLIC "-//W3C//DTD XHTML 1.0 Transitional//EN"
    "http://www.w3.org/TR/xhtml1/DTD/xhtml1-transitional.dtd">
<html xmlns="http://www.w3.org/1999/xhtml" xml:lang="en" lang="en">
 <head>
  <title>
</title>
<meta http-equiv="Content-Type" content="text/html;charset=utf-8" />
  <meta name='ocr-system' content='tesseract 3.04.00' />
  <meta name='ocr-capabilities' content='ocr_page ocr_carea ocr_par ocr_line ocrx_word'/>
</head>
<body>
  <div class='ocr_page' id='page_1' title='image "./historiapolitic01bekkgoog_0096.png"; bbox 0 0 2884 4775; ppageno 0'>
   <div class='ocr_carea' id='block_1_1' title="bbox 142 250 863 353">
    <p class='ocr_par' dir='ltr' id='par_1_1' title="bbox 142 250 863 353">
     <span class='ocr_line' id='line_1_1' title="bbox 142 250 863 353; baseline 0.006 -34"><span class='ocrx_word' id='word_1_1' title='bbox 142 346 149 353; x_wconf 25' lang='grc' dir='ltr'>Ι</span> <span class='ocrx_word' id='word_1_2' title='bbox 222 250 271 320; x_wconf 86' lang='lat'><strong>86</strong></span> <span class='ocrx_word' id='word_1_3' title='bbox 670 258 863 353; x_wconf 70' lang='lat' dir='ltr'><strong>nononis</strong></span> 
     </span>
    </p>
   </div>
   <div class='ocr_carea' id='block_1_2' title="bbox 147 394 1435 2578">
    <p class='ocr_par' dir='ltr' id='par_1_2' title="bbox 221 394 1311 587">
     <span class='ocr_line' id='line_1_2' title="bbox 221 394 1311 485; baseline -0.002 -18"><span class='ocrx_word' id='word_1_4' title='bbox 221 401 294 469; x_wconf 73' lang='grc' dir='ltr'>υἱόν</span> <span class='ocrx_word' id='word_1_5' title='bbox 315 402 372 467; x_wconf 84' lang='grc' dir='ltr'><strong>τοῦ</strong></span> <span class='ocrx_word' id='word_1_6' title='bbox 391 400 574 485; x_wconf 84' lang='grc' dir='ltr'>α’νθριόπου,</span> <span class='ocrx_word' id='word_1_7' title='bbox 594 404 651 465; x_wconf 81' lang='grc' dir='ltr'><strong><em>καί</em></strong></span> <span class='ocrx_word' id='word_1_8' title='bbox 669 394 775 485; x_wconf 80' lang='grc' dir='ltr'>ιῦσπέρ</span> <span class='ocrx_word' id='word_1_9' title='bbox 795 400 831 466; x_wconf 88' lang='grc' dir='ltr'><strong>τό</strong></span> <span class='ocrx_word' id='word_1_10' title='bbox 853 402 955 485; x_wconf 91' lang='grc' dir='ltr'>νόημα</span> <span class='ocrx_word' id='word_1_11' title='bbox 973 404 1032 465; x_wconf 87' lang='grc' dir='ltr'><strong>τοῦ</strong></span> <span class='ocrx_word' id='word_1_12' title='bbox 1051 400 1222 483; x_wconf 82' lang='grc' dir='ltr'>α’νθρώπσυ</span> <span class='ocrx_word' id='word_1_13' title='bbox 1243 400 1311 466; x_wconf 78' lang='grc' dir='ltr'>ἔστι</span> 
     </span>
     <span class='ocr_line' id='line_1_3' title="bbox 221 498 1311 587; baseline -0.003 -20"><span class='ocrx_word' id='word_1_14' title='bbox 221 504 357 587; x_wconf 72' lang='grc' dir='ltr'>γέννημα</span> <span class='ocrx_word' id='word_1_15' title='bbox 379 505 436 585; x_wconf 76' lang='grc' dir='ltr'><strong>τῆς</strong></span> <span class='ocrx_word' id='word_1_16' title='bbox 455 505 562 583; x_wconf 73' lang='grc' dir='ltr'>ψυχῆς</span> <span class='ocrx_word' id='word_1_17' title='bbox 583 503 693 565; x_wconf 84' lang='grc' dir='ltr'>αῦτοῦ.</span> <span class='ocrx_word' id='word_1_18' title='bbox 735 501 791 565; x_wconf 93' lang='grc' dir='ltr'><strong><em>καί</em></strong></span> <span class='ocrx_word' id='word_1_19' title='bbox 811 502 906 563; x_wconf 87' lang='grc' dir='ltr'>πάλιν</span> <span class='ocrx_word' id='word_1_20' title='bbox 928 500 1122 580; x_wconf 76' lang='grc' dir='ltr'>ὀνομάζομεν</span> <span class='ocrx_word' id='word_1_21' title='bbox 1135 498 1195 583; x_wconf 75' lang='grc' dir='ltr'>την</span> <span class='ocrx_word' id='word_1_22' title='bbox 1215 504 1311 583; x_wconf 79' lang='grc' dir='ltr'>θέλη-</span> 
     </span>
    </p>

    <p class='ocr_par' dir='ltr' id='par_1_3' title="bbox 221 449 1433 981">
     <span class='ocr_line' id='line_1_4' title="bbox 221 599 1312 683; baseline -0.002 -16"><span class='ocrx_word' id='word_1_23' title='bbox 221 626 274 667; x_wconf 96' lang='grc' dir='ltr'><strong>σιν</strong></span> <span class='ocrx_word' id='word_1_24' title='bbox 294 604 352 683; x_wconf 81' lang='grc' dir='ltr'><strong>τοῦ</strong></span> <span class='ocrx_word' id='word_1_25' title='bbox 369 604 449 666; x_wconf 94' lang='grc' dir='ltr'>θεοῦ</span> <span class='ocrx_word' id='word_1_26' title='bbox 463 602 587 681; x_wconf 83' lang='grc' dir='ltr'>πνεῦμα</span> <span class='ocrx_word' id='word_1_27' title='bbox 604 602 659 664; x_wconf 82' lang='grc' dir='ltr'><strong>τοῦ</strong></span> <span class='ocrx_word' id='word_1_28' title='bbox 674 602 753 662; x_wconf 89' lang='grc' dir='ltr'>θεοῦ</span> <span class='ocrx_word' id='word_1_29' title='bbox 774 603 830 663; x_wconf 92' lang='grc' dir='ltr'><strong><em>καί</em></strong></span> <span class='ocrx_word' id='word_1_30' title='bbox 844 599 975 683; x_wconf 84' lang='grc' dir='ltr'>α’γάπην.</span> <span class='ocrx_word' id='word_1_31' title='bbox 998 599 1098 663; x_wconf 87' lang='grc' dir='ltr'>αῦτόν</span> <span class='ocrx_word' id='word_1_32' title='bbox 1111 601 1147 663; x_wconf 78' lang='grc' dir='ltr'><strong>δὲ</strong></span> <span class='ocrx_word' id='word_1_33' title='bbox 1165 599 1220 664; x_wconf 83' lang='grc' dir='ltr'><strong>τόν</strong></span> <span class='ocrx_word' id='word_1_34' title='bbox 1234 604 1312 665; x_wconf 90' lang='grc' dir='ltr'>νοῦν</span> 
     </span>
     <span class='ocr_line' id='line_1_5' title="bbox 222 695 1313 782; baseline -0.005 -17"><span class='ocrx_word' id='word_1_35' title='bbox 222 705 380 779; x_wconf 76' lang='grc' dir='ltr'>καλοῦμεν</span> <span class='ocrx_word' id='word_1_36' title='bbox 405 700 535 782; x_wconf 79' lang='grc' dir='ltr'>πατέρα,</span> <span class='ocrx_word' id='word_1_37' title='bbox 558 695 640 762; x_wconf 84' lang='grc' dir='ltr'>ῦιάτι</span> <span class='ocrx_word' id='word_1_38' title='bbox 663 698 763 773; x_wconf 86' lang='grc' dir='ltr'>αῦτός</span> <span class='ocrx_word' id='word_1_39' title='bbox 782 702 866 766; x_wconf 76' lang='grc' dir='ltr'>ἐστιν</span> <span class='ocrx_word' id='word_1_40' title='bbox 896 700 1058 781; x_wconf 80' lang='grc' dir='ltr'>α’γέννητος</span> <span class='ocrx_word' id='word_1_41' title='bbox 1088 700 1144 761; x_wconf 78' lang='grc' dir='ltr'><strong><em>καί</em></strong></span> <span class='ocrx_word' id='word_1_42' title='bbox 1163 698 1313 778; x_wconf 80' lang='grc' dir='ltr'>άναίτισς,</span> 
     </span>
     <span class='ocr_line' id='line_1_6' title="bbox 223 791 1340 877; baseline -0.008 -9"><span class='ocrx_word' id='word_1_43' title='bbox 223 799 321 877; x_wconf 83' lang='grc' dir='ltr'>αἴτιος</span> <span class='ocrx_word' id='word_1_44' title='bbox 336 802 371 863; x_wconf 75' lang='grc' dir='ltr'><strong>δὲ</strong></span> <span class='ocrx_word' id='word_1_45' title='bbox 394 804 453 863; x_wconf 89' lang='grc' dir='ltr'><strong>τοῦ</strong></span> <span class='ocrx_word' id='word_1_46' title='bbox 472 796 544 864; x_wconf 83' lang='grc' dir='ltr'>υἱοῦ</span> <span class='ocrx_word' id='word_1_47' title='bbox 565 802 621 862; x_wconf 80' lang='grc' dir='ltr'><strong><em>καί</em></strong></span> <span class='ocrx_word' id='word_1_48' title='bbox 646 801 701 862; x_wconf 82' lang='grc' dir='ltr'><strong>τσῦ</strong></span> <span class='ocrx_word' id='word_1_49' title='bbox 723 798 908 876; x_wconf 81' lang='grc' dir='ltr'>πνεύματος.</span> <span class='ocrx_word' id='word_1_50' title='bbox 933 792 980 860; x_wconf 86' lang='grc' dir='ltr'><strong>ότι</strong></span> <span class='ocrx_word' id='word_1_51' title='bbox 1004 791 1060 861; x_wconf 84' lang='grc' dir='ltr'><strong>οῦν</strong></span> <span class='ocrx_word' id='word_1_52' title='bbox 1074 794 1175 873; x_wconf 86' lang='grc' dir='ltr'>όθεός</span> <span class='ocrx_word' id='word_1_53' title='bbox 1194 797 1233 860; x_wconf 87' lang='grc' dir='ltr'><strong>οῦ</strong></span> <span class='ocrx_word' id='word_1_54' title='bbox 1250 800 1340 861; x_wconf 71' lang='grc' dir='ltr'>νοεῑῡ</span> 
     </span>
     <span class='ocr_line' id='line_1_7' title="bbox 222 891 1315 981; baseline -0.005 -18"><span class='ocrx_word' id='word_1_55' title='bbox 222 898 368 981; x_wconf 80' lang='grc' dir='ltr'>μόνοντὰ</span> <span class='ocrx_word' id='word_1_56' title='bbox 390 902 543 979; x_wconf 77' lang='grc' dir='ltr'>κτίσματα</span> <span class='ocrx_word' id='word_1_57' title='bbox 555 898 663 979; x_wconf 73' lang='grc' dir='ltr'>αὐτοῦ,</span> <span class='ocrx_word' id='word_1_58' title='bbox 684 896 763 961; x_wconf 85' lang='grc' dir='ltr'>α’λλά</span> <span class='ocrx_word' id='word_1_59' title='bbox 776 900 896 977; x_wconf 81' lang='grc' dir='ltr'>μᾶλλον</span> <span class='ocrx_word' id='word_1_60' title='bbox 916 906 984 960; x_wconf 83' lang='grc' dir='ltr'>νοεῖ</span> <span class='ocrx_word' id='word_1_61' title='bbox 1000 897 1056 960; x_wconf 81' lang='grc' dir='ltr'><strong><em>καί</em></strong></span> <span class='ocrx_word' id='word_1_62' title='bbox 1073 895 1218 979; x_wconf 74' lang='grc' dir='ltr'>γινώσκει</span> <span class='ocrx_word' id='word_1_63' title='bbox 1239 891 1315 959; x_wconf 72' lang='grc' dir='ltr'>ἔαυ-</span> 
     </span>
    </p>

    <p class='ocr_par' dir='ltr' id='par_1_4' title="bbox 222 986 1433 1280">
     <span class='ocr_line' id='line_1_8' title="bbox 222 986 1315 1084; baseline -0.006 -19"><span class='ocrx_word' id='word_1_64' title='bbox 222 997 284 1084; x_wconf 88' lang='grc' dir='ltr'>τόν,</span> <span class='ocrx_word' id='word_1_65' title='bbox 307 1001 363 1063; x_wconf 88' lang='grc' dir='ltr'><strong><em>καί</em></strong></span> <span class='ocrx_word' id='word_1_66' title='bbox 382 998 433 1062; x_wconf 82' lang='grc' dir='ltr'><strong>ῦιὰ</strong></span> <span class='ocrx_word' id='word_1_67' title='bbox 454 1001 546 1061; x_wconf 86' lang='grc' dir='ltr'>τοῦτο</span> <span class='ocrx_word' id='word_1_68' title='bbox 570 996 633 1079; x_wconf 78' lang='grc' dir='ltr'>ἔχει</span> <span class='ocrx_word' id='word_1_69' title='bbox 655 992 747 1080; x_wconf 88' lang='grc' dir='ltr'>λόγον</span> <span class='ocrx_word' id='word_1_70' title='bbox 769 995 823 1059; x_wconf 92' lang='grc' dir='ltr'><strong><em>καί</em></strong></span> <span class='ocrx_word' id='word_1_71' title='bbox 843 997 974 1080; x_wconf 74' lang='grc' dir='ltr'>σοφίαν,</span> <span class='ocrx_word' id='word_1_72' title='bbox 994 997 1035 1059; x_wconf 80' lang='grc' dir='ltr'><strong>δι’</strong></span> <span class='ocrx_word' id='word_1_73' title='bbox 1056 986 1093 1080; x_wconf 80' lang='grc' dir='ltr'><strong>ἧς</strong></span> <span class='ocrx_word' id='word_1_74' title='bbox 1114 1004 1183 1059; x_wconf 85' lang='grc' dir='ltr'>νοεῖ</span> <span class='ocrx_word' id='word_1_75' title='bbox 1199 991 1315 1058; x_wconf 71' lang='grc' dir='ltr'>ἔαυτόν</span> 
     </span>
     <span class='ocr_line' id='line_1_9' title="bbox 223 1088 1433 1180; baseline -0.005 -20"><span class='ocrx_word' id='word_1_76' title='bbox 223 1099 320 1171; x_wconf 79' lang='grc' dir='ltr'>ἰδίως.</span> <span class='ocrx_word' id='word_1_77' title='bbox 367 1094 481 1176; x_wconf 77' lang='grc' dir='ltr'>ὁμοίως</span> <span class='ocrx_word' id='word_1_78' title='bbox 505 1097 543 1158; x_wconf 87' lang='grc' dir='ltr'><strong>οῦ</strong></span> <span class='ocrx_word' id='word_1_79' title='bbox 563 1098 650 1161; x_wconf 81' lang='grc' dir='ltr'>θέλει</span> <span class='ocrx_word' id='word_1_80' title='bbox 671 1098 726 1159; x_wconf 86' lang='grc' dir='ltr'><strong><em>καί</em></strong></span> <span class='ocrx_word' id='word_1_81' title='bbox 744 1096 853 1180; x_wconf 82' lang='grc' dir='ltr'>α’γαπρῖ</span> <span class='ocrx_word' id='word_1_82' title='bbox 879 1090 975 1173; x_wconf 90' lang='grc' dir='ltr'>μόνον</span> <span class='ocrx_word' id='word_1_83' title='bbox 993 1091 1032 1159; x_wconf 83' lang='grc' dir='ltr'><strong>τά</strong></span> <span class='ocrx_word' id='word_1_84' title='bbox 1052 1093 1214 1177; x_wconf 71' lang='grc' dir='ltr'>ποιήματα</span> <span class='ocrx_word' id='word_1_85' title='bbox 1235 1088 1316 1156; x_wconf 74' lang='lat' dir='ltr'><strong>iav—</strong></span> <span class='ocrx_word' id='word_1_86' title='bbox 1413 1103 1433 1129; x_wconf 67' lang='lat'><strong>‘¹</strong></span> 
     </span>
     <span class='ocr_line' id='line_1_10' title="bbox 223 1184 1313 1280; baseline -0.005 -19"><span class='ocrx_word' id='word_1_87' title='bbox 223 1199 279 1261; x_wconf 87' lang='grc' dir='ltr'><strong>τοῦ</strong></span> <span class='ocrx_word' id='word_1_88' title='bbox 301 1188 317 1261; x_wconf 88' lang='grc' dir='ltr'>ό</span> <span class='ocrx_word' id='word_1_89' title='bbox 339 1194 425 1277; x_wconf 87' lang='grc' dir='ltr'>θεός,</span> <span class='ocrx_word' id='word_1_90' title='bbox 448 1195 526 1258; x_wconf 77' lang='grc' dir='ltr'>ἀλλά</span> <span class='ocrx_word' id='word_1_91' title='bbox 548 1199 635 1271; x_wconf 75' lang='grc' dir='ltr'>θέλει</span> <span class='ocrx_word' id='word_1_92' title='bbox 655 1196 709 1259; x_wconf 81' lang='grc' dir='ltr'><strong><em>καί</em></strong></span> <span class='ocrx_word' id='word_1_93' title='bbox 729 1194 836 1280; x_wconf 77' lang='grc' dir='ltr'>α’γαπηῖ</span> <span class='ocrx_word' id='word_1_94' title='bbox 856 1187 970 1257; x_wconf 73' lang='grc' dir='ltr'>ἔαυτόν</span> <span class='ocrx_word' id='word_1_95' title='bbox 988 1196 1091 1279; x_wconf 72' lang='grc' dir='ltr'>πολλῷ</span> <span class='ocrx_word' id='word_1_96' title='bbox 1107 1194 1238 1277; x_wconf 80' lang='grc' dir='ltr'>μᾶλλον,</span> <span class='ocrx_word' id='word_1_97' title='bbox 1259 1184 1313 1256; x_wconf 81' lang='grc' dir='ltr'><strong>διά</strong></span> 
     </span>
    </p>

    <p class='ocr_par' dir='ltr' id='par_1_5' title="bbox 226 1289 1358 1377">
     <span class='ocr_line' id='line_1_11' title="bbox 226 1289 1358 1377; baseline -0.003 -15"><span class='ocrx_word' id='word_1_98' title='bbox 226 1300 320 1362; x_wconf 86' lang='grc' dir='ltr'>τοῦτο</span> <span class='ocrx_word' id='word_1_99' title='bbox 344 1298 455 1369; x_wconf 64' lang='grc' dir='ltr'>α’ίῦίως</span> <span class='ocrx_word' id='word_1_100' title='bbox 476 1299 683 1377; x_wconf 80' lang='grc' dir='ltr'>προέρχονται</span> <span class='ocrx_word' id='word_1_101' title='bbox 705 1296 741 1357; x_wconf 80' lang='grc' dir='ltr'><strong>ἐκ</strong></span> <span class='ocrx_word' id='word_1_102' title='bbox 758 1296 817 1357; x_wconf 86' lang='grc' dir='ltr'><strong>τοῦ</strong></span> <span class='ocrx_word' id='word_1_103' title='bbox 839 1297 918 1357; x_wconf 83' lang='grc' dir='ltr'>θεοῦ</span> <span class='ocrx_word' id='word_1_104' title='bbox 941 1289 958 1356; x_wconf 90' lang='grc' dir='ltr'>ό</span> <span class='ocrx_word' id='word_1_105' title='bbox 979 1289 1068 1375; x_wconf 82' lang='grc' dir='ltr'>λόγος</span> <span class='ocrx_word' id='word_1_106' title='bbox 1090 1292 1145 1357; x_wconf 73' lang='grc' dir='ltr'><strong>καὶ</strong></span> <span class='ocrx_word' id='word_1_107' title='bbox 1164 1289 1200 1356; x_wconf 86' lang='grc' dir='ltr'><strong>τό</strong></span> <span class='ocrx_word' id='word_1_108' title='bbox 1221 1295 1314 1357; x_wconf 80' lang='grc' dir='ltr'>πνεῦ-</span> <span class='ocrx_word' id='word_1_109' title='bbox 1326 1308 1358 1361; x_wconf 85' lang='grc'><strong>10</strong></span> 
     </span>
    </p>

    <p class='ocr_par' dir='ltr' id='par_1_6' title="bbox 224 1389 1316 1481">
     <span class='ocr_line' id='line_1_12' title="bbox 224 1389 1316 1481; baseline -0.005 -21"><span class='ocrx_word' id='word_1_110' title='bbox 224 1422 272 1477; x_wconf 90' lang='grc' dir='ltr'><strong>μα</strong></span> <span class='ocrx_word' id='word_1_111' title='bbox 293 1395 410 1475; x_wconf 87' lang='grc' dir='ltr'>αῦτοῦ,</span> <span class='ocrx_word' id='word_1_112' title='bbox 445 1399 500 1458; x_wconf 92' lang='grc' dir='ltr'><strong><em>καί</em></strong></span> <span class='ocrx_word' id='word_1_113' title='bbox 528 1396 638 1467; x_wconf 77' lang='grc' dir='ltr'>α’ϊόίως</span> <span class='ocrx_word' id='word_1_114' title='bbox 669 1395 750 1458; x_wconf 74' lang='grc' dir='ltr'>εἰσιν</span> <span class='ocrx_word' id='word_1_115' title='bbox 780 1395 815 1458; x_wconf 81' lang='grc' dir='ltr'><strong>ἑν</strong></span> <span class='ocrx_word' id='word_1_116' title='bbox 835 1395 934 1481; x_wconf 71' lang='grc' dir='ltr'>αὐτῷ.</span> <span class='ocrx_word' id='word_1_117' title='bbox 983 1396 1039 1457; x_wconf 82' lang='grc' dir='ltr'><strong><em>καί</em></strong></span> <span class='ocrx_word' id='word_1_118' title='bbox 1067 1396 1171 1457; x_wconf 85' lang='grc' dir='ltr'>ταῦτα</span> <span class='ocrx_word' id='word_1_119' title='bbox 1195 1389 1235 1456; x_wconf 81' lang='grc' dir='ltr'><strong>τά</strong></span> <span class='ocrx_word' id='word_1_120' title='bbox 1257 1389 1316 1456; x_wconf 85' lang='grc' dir='ltr'><strong>ῦόο</strong></span> 
     </span>
    </p>

    <p class='ocr_par' dir='ltr' id='par_1_7' title="bbox 224 1486 743 1576">
     <span class='ocr_line' id='line_1_13' title="bbox 224 1486 743 1576; baseline -0.002 -19"><span class='ocrx_word' id='word_1_121' title='bbox 224 1492 303 1576; x_wconf 84' lang='grc' dir='ltr'>μετά</span> <span class='ocrx_word' id='word_1_122' title='bbox 327 1495 386 1557; x_wconf 86' lang='grc' dir='ltr'><strong>τοῦ</strong></span> <span class='ocrx_word' id='word_1_123' title='bbox 405 1495 484 1557; x_wconf 82' lang='grc' dir='ltr'>θεοῦ</span> <span class='ocrx_word' id='word_1_124' title='bbox 507 1486 552 1566; x_wconf 84' lang='grc' dir='ltr'>εἷς</span> <span class='ocrx_word' id='word_1_125' title='bbox 572 1494 639 1557; x_wconf 75' lang='grc' dir='ltr'>ἐστι’</span> <span class='ocrx_word' id='word_1_126' title='bbox 657 1489 743 1567; x_wconf 87' lang='grc' dir='ltr'>θεός.</span> 
     </span>
    </p>

    <p class='ocr_par' dir='ltr' id='par_1_8' title="bbox 227 1586 1435 2173">
     <span class='ocr_line' id='line_1_14' title="bbox 310 1586 1435 1674; baseline -0.001 -20"><span class='ocrx_word' id='word_1_127' title='bbox 310 1592 343 1661; x_wconf 83' lang='grc' dir='ltr'><strong>ε’.</strong></span> <span class='ocrx_word' id='word_1_128' title='bbox 386 1589 587 1670; x_wconf 85' lang='grc' dir='ltr'>Πισεεόσμεν</span> <span class='ocrx_word' id='word_1_129' title='bbox 607 1586 654 1654; x_wconf 85' lang='grc' dir='ltr'><strong>ότι</strong></span> <span class='ocrx_word' id='word_1_130' title='bbox 678 1589 786 1668; x_wconf 83' lang='grc' dir='ltr'>όθεός</span> <span class='ocrx_word' id='word_1_131' title='bbox 802 1590 855 1656; x_wconf 85' lang='lat' dir='ltr'><strong>droi</strong></span> <span class='ocrx_word' id='word_1_132' title='bbox 878 1591 1047 1674; x_wconf 86' lang='grc' dir='ltr'>τοῦλόγου</span> <span class='ocrx_word' id='word_1_133' title='bbox 1069 1594 1124 1673; x_wconf 73' lang='grc' dir='ltr'><strong>τῆς</strong></span> <span class='ocrx_word' id='word_1_134' title='bbox 1134 1589 1250 1674; x_wconf 81' lang='grc' dir='ltr'>σοφίας</span> <span class='ocrx_word' id='word_1_135' title='bbox 1263 1592 1318 1654; x_wconf 85' lang='grc' dir='ltr'><strong><em>καί</em></strong></span> <span class='ocrx_word' id='word_1_136' title='bbox 1434 1607 1435 1658; x_wconf 70' lang='grc' dir='ltr'>λ</span> 
     </span>
     <span class='ocr_line' id='line_1_15' title="bbox 227 1687 1318 1776; baseline -0.005 -20"><span class='ocrx_word' id='word_1_137' title='bbox 227 1696 281 1774; x_wconf 76' lang='grc' dir='ltr'><strong>τῆς</strong></span> <span class='ocrx_word' id='word_1_138' title='bbox 302 1688 467 1771; x_wconf 78' lang='grc' dir='ltr'>δυνάμεως</span> <span class='ocrx_word' id='word_1_139' title='bbox 495 1691 597 1757; x_wconf 67' lang='grc' dir='ltr'>αὐτοῦ</span> <span class='ocrx_word' id='word_1_140' title='bbox 619 1692 847 1776; x_wconf 66' lang='grc' dir='ltr'>ἐδημιούργησε</span> <span class='ocrx_word' id='word_1_141' title='bbox 877 1692 932 1755; x_wconf 85' lang='grc' dir='ltr'><strong>τόν</strong></span> <span class='ocrx_word' id='word_1_142' title='bbox 955 1689 1085 1770; x_wconf 83' lang='grc' dir='ltr'>κόσμον,</span> <span class='ocrx_word' id='word_1_143' title='bbox 1109 1688 1164 1752; x_wconf 92' lang='grc' dir='ltr'><strong><em>καί</em></strong></span> <span class='ocrx_word' id='word_1_144' title='bbox 1182 1687 1235 1752; x_wconf 81' lang='grc' dir='ltr'><strong>διά</strong></span> <span class='ocrx_word' id='word_1_145' title='bbox 1259 1692 1318 1752; x_wconf 89' lang='grc' dir='ltr'><strong>τοῦ</strong></span> 
     </span>
     <span class='ocr_line' id='line_1_16' title="bbox 228 1782 1361 1874; baseline -0.002 -21"><span class='ocrx_word' id='word_1_146' title='bbox 228 1790 406 1870; x_wconf 79' lang='grc' dir='ltr'>πνεύματος</span> <span class='ocrx_word' id='word_1_147' title='bbox 429 1782 485 1872; x_wconf 79' lang='grc' dir='ltr'><strong>τῆς</strong></span> <span class='ocrx_word' id='word_1_148' title='bbox 506 1791 628 1873; x_wconf 80' lang='grc' dir='ltr'>α’γαθῆς</span> <span class='ocrx_word' id='word_1_149' title='bbox 647 1790 805 1874; x_wconf 78' lang='grc' dir='ltr'>θελήσειας</span> <span class='ocrx_word' id='word_1_150' title='bbox 832 1793 887 1855; x_wconf 83' lang='grc' dir='ltr'><strong><em>καί</em></strong></span> <span class='ocrx_word' id='word_1_151' title='bbox 902 1788 1027 1873; x_wconf 88' lang='grc' dir='ltr'>άγάπης</span> <span class='ocrx_word' id='word_1_152' title='bbox 1055 1784 1156 1853; x_wconf 86' lang='grc' dir='ltr'>αῦτοῦ</span> <span class='ocrx_word' id='word_1_153' title='bbox 1176 1796 1361 1870; x_wconf 56' lang='lat' dir='ltr'><strong>noviorem</strong></span> 
     </span>
     <span class='ocr_line' id='line_1_17' title="bbox 228 1875 1319 1977; baseline -0.003 -23"><span class='ocrx_word' id='word_1_154' title='bbox 228 1915 282 1954; x_wconf 91' lang='grc' dir='ltr'><strong>ται</strong></span> <span class='ocrx_word' id='word_1_155' title='bbox 302 1875 361 1954; x_wconf 89' lang='grc' dir='ltr'><strong><em>καί</em></strong></span> <span class='ocrx_word' id='word_1_156' title='bbox 377 1891 513 1976; x_wconf 78' lang='grc' dir='ltr'>κυβερνᾷ</span> <span class='ocrx_word' id='word_1_157' title='bbox 540 1888 595 1953; x_wconf 81' lang='grc' dir='ltr'><strong><em>καί</em></strong></span> <span class='ocrx_word' id='word_1_158' title='bbox 613 1898 696 1956; x_wconf 81' lang='grc' dir='ltr'>κινεῖ</span> <span class='ocrx_word' id='word_1_159' title='bbox 711 1895 816 1955; x_wconf 78' lang='grc' dir='ltr'>πᾶσαν</span> <span class='ocrx_word' id='word_1_160' title='bbox 836 1888 934 1976; x_wconf 85' lang='grc' dir='ltr'>φῦσιν</span> <span class='ocrx_word' id='word_1_161' title='bbox 962 1890 1063 1955; x_wconf 83' lang='grc' dir='ltr'>αῦτοῦ</span> <span class='ocrx_word' id='word_1_162' title='bbox 1091 1892 1125 1953; x_wconf 82' lang='grc' dir='ltr'><strong>ἐν</strong></span> <span class='ocrx_word' id='word_1_163' title='bbox 1146 1892 1190 1977; x_wconf 71' lang='grc' dir='ltr'><strong>τῷ</strong></span> <span class='ocrx_word' id='word_1_164' title='bbox 1211 1883 1319 1977; x_wconf 82' lang='grc' dir='ltr'>κόσμιρ</span> 
     </span>
     <span class='ocr_line' id='line_1_18' title="bbox 228 1987 1321 2075; baseline -0.004 -21"><span class='ocrx_word' id='word_1_165' title='bbox 228 1991 308 2073; x_wconf 87' lang='grc' dir='ltr'>πρὸς</span> <span class='ocrx_word' id='word_1_166' title='bbox 330 1987 365 2053; x_wconf 87' lang='grc' dir='ltr'><strong>τό</strong></span> <span class='ocrx_word' id='word_1_167' title='bbox 384 1987 526 2071; x_wconf 87' lang='grc' dir='ltr'>α’γαθόν,</span> <span class='ocrx_word' id='word_1_168' title='bbox 548 1988 628 2053; x_wconf 85' lang='grc' dir='ltr'>κατά</span> <span class='ocrx_word' id='word_1_169' title='bbox 658 1990 717 2073; x_wconf 78' lang='grc' dir='ltr'>την</span> <span class='ocrx_word' id='word_1_170' title='bbox 746 1992 832 2069; x_wconf 80' lang='grc' dir='ltr'>τάξιν</span> <span class='ocrx_word' id='word_1_171' title='bbox 852 1988 983 2074; x_wconf 72' lang='grc' dir='ltr'>ἑκάστης</span> <span class='ocrx_word' id='word_1_172' title='bbox 1004 1989 1141 2075; x_wconf 85' lang='grc' dir='ltr'>φάσεως.</span> <span class='ocrx_word' id='word_1_173' title='bbox 1193 1990 1249 2053; x_wconf 92' lang='grc' dir='ltr'><strong><em>καί</em></strong></span> <span class='ocrx_word' id='word_1_174' title='bbox 1267 1989 1321 2051; x_wconf 79' lang='grc' dir='ltr'><strong>διὰ</strong></span> 
     </span>
     <span class='ocr_line' id='line_1_19' title="bbox 229 2084 1322 2173; baseline -0.002 -20"><span class='ocrx_word' id='word_1_175' title='bbox 229 2092 319 2153; x_wconf 87' lang='grc' dir='ltr'>τοῦτο</span> <span class='ocrx_word' id='word_1_176' title='bbox 343 2088 532 2169; x_wconf 88' lang='grc' dir='ltr'>πιστεόσμεν</span> <span class='ocrx_word' id='word_1_177' title='bbox 564 2084 627 2169; x_wconf 84' lang='grc' dir='ltr'>ότι,</span> <span class='ocrx_word' id='word_1_178' title='bbox 658 2085 709 2153; x_wconf 80' lang='grc' dir='ltr'>ὅτε</span> <span class='ocrx_word' id='word_1_179' title='bbox 729 2091 885 2173; x_wconf 80' lang='grc' dir='ltr'>ἠθέλησεν</span> <span class='ocrx_word' id='word_1_180' title='bbox 915 2088 932 2152; x_wconf 87' lang='grc' dir='ltr'>ό</span> <span class='ocrx_word' id='word_1_181' title='bbox 965 2091 1040 2166; x_wconf 84' lang='grc' dir='ltr'>θεὸς</span> <span class='ocrx_word' id='word_1_182' title='bbox 1071 2089 1126 2155; x_wconf 85' lang='grc' dir='ltr'><strong>διά</strong></span> <span class='ocrx_word' id='word_1_183' title='bbox 1148 2088 1245 2173; x_wconf 90' lang='grc' dir='ltr'>μόνην</span> <span class='ocrx_word' id='word_1_184' title='bbox 1265 2088 1322 2172; x_wconf 80' lang='grc' dir='ltr'>την</span> 
     </span>
    </p>

    <p class='ocr_par' dir='ltr' id='par_1_9' title="bbox 154 2184 1362 2375">
     <span class='ocr_line' id='line_1_20' title="bbox 154 2184 1319 2274; baseline -0.001 -22"><span class='ocrx_word' id='word_1_185' title='bbox 154 2190 157 2197; x_wconf 78' lang='grc'><strong>’</strong></span> <span class='ocrx_word' id='word_1_186' title='bbox 229 2184 440 2272; x_wconf 77' lang='grc' dir='ltr'>ἐλεημοσύνην</span> <span class='ocrx_word' id='word_1_187' title='bbox 462 2190 563 2253; x_wconf 84' lang='grc' dir='ltr'>αῦτοῦ</span> <span class='ocrx_word' id='word_1_188' title='bbox 577 2192 766 2271; x_wconf 74' lang='grc' dir='ltr'>ἐπιπρέψαι</span> <span class='ocrx_word' id='word_1_189' title='bbox 778 2188 852 2264; x_wconf 84' lang='grc' dir='ltr'>τοῦς</span> <span class='ocrx_word' id='word_1_190' title='bbox 872 2189 1061 2274; x_wconf 73' lang='grc' dir='ltr'>ἀνθρώπους</span> <span class='ocrx_word' id='word_1_191' title='bbox 1078 2188 1140 2253; x_wconf 79' lang='grc' dir='ltr'>α’πό</span> <span class='ocrx_word' id='word_1_192' title='bbox 1161 2194 1217 2272; x_wconf 78' lang='grc' dir='ltr'><strong>τῆς</strong></span> <span class='ocrx_word' id='word_1_193' title='bbox 1238 2190 1319 2251; x_wconf 82' lang='grc' dir='ltr'>πλά-</span> 
     </span>
     <span class='ocr_line' id='line_1_21' title="bbox 228 2284 1362 2375; baseline -0.001 -25"><span class='ocrx_word' id='word_1_194' title='bbox 228 2288 371 2368; x_wconf 84' lang='grc' dir='ltr'>νης,τιῦν</span> <span class='ocrx_word' id='word_1_195' title='bbox 398 2284 555 2367; x_wconf 81' lang='grc' dir='ltr'>δαιμόνων</span> <span class='ocrx_word' id='word_1_196' title='bbox 585 2293 641 2353; x_wconf 76' lang='grc' dir='ltr'><strong><em>καί</em></strong></span> <span class='ocrx_word' id='word_1_197' title='bbox 660 2291 715 2372; x_wconf 81' lang='grc' dir='ltr'><strong>τῆς</strong></span> <span class='ocrx_word' id='word_1_198' title='bbox 737 2292 1016 2375; x_wconf 81' lang='grc' dir='ltr'>εἰδωλολατριιάς,</span> <span class='ocrx_word' id='word_1_199' title='bbox 1047 2286 1130 2353; x_wconf 82' lang='grc' dir='ltr'>διότι</span> <span class='ocrx_word' id='word_1_200' title='bbox 1161 2287 1242 2373; x_wconf 73' lang='grc' dir='ltr'>πλὴν</span> <span class='ocrx_word' id='word_1_201' title='bbox 1263 2290 1362 2350; x_wconf 61' lang='lat' dir='ltr'><strong>roim)</strong></span> 
     </span>
    </p>

    <p class='ocr_par' dir='ltr' id='par_1_10' title="bbox 147 2381 1323 2578">
     <span class='ocr_line' id='line_1_22' title="bbox 147 2381 1321 2478; baseline -0.001 -28"><span class='ocrx_word' id='word_1_202' title='bbox 147 2441 152 2462; x_wconf 71' lang='grc'>,</span> <span class='ocrx_word' id='word_1_203' title='bbox 229 2383 336 2468; x_wconf 79' lang='grc' dir='ltr'>ὀλίγου</span> <span class='ocrx_word' id='word_1_204' title='bbox 362 2386 456 2452; x_wconf 87' lang='grc' dir='ltr'>τόπου</span> <span class='ocrx_word' id='word_1_205' title='bbox 476 2391 539 2452; x_wconf 82' lang='grc' dir='ltr'><strong>τῶν</strong></span> <span class='ocrx_word' id='word_1_206' title='bbox 561 2390 734 2470; x_wconf 73' lang='grc' dir='ltr'>Ἰουδαίων,</span> <span class='ocrx_word' id='word_1_207' title='bbox 755 2391 788 2452; x_wconf 75' lang='grc' dir='ltr'><strong>ἐν</strong></span> <span class='ocrx_word' id='word_1_208' title='bbox 809 2381 1140 2478; x_wconf 74' lang='grc' dir='ltr'>ᾦπροσεκυνεῖτυκαί</span> <span class='ocrx_word' id='word_1_209' title='bbox 1159 2389 1321 2453; x_wconf 72' lang='lat' dir='ltr'><strong>intorsis-</strong></span> 
     </span>
     <span class='ocr_line' id='line_1_23' title="bbox 229 2480 1323 2578; baseline -0.001 -26"><span class='ocrx_word' id='word_1_210' title='bbox 229 2509 264 2552; x_wconf 87' lang='grc' dir='ltr'><strong>το</strong></span> <span class='ocrx_word' id='word_1_211' title='bbox 285 2480 330 2561; x_wconf 82' lang='grc' dir='ltr'>εἷς</span> <span class='ocrx_word' id='word_1_212' title='bbox 347 2480 420 2561; x_wconf 87' lang='grc' dir='ltr'>θεός</span> <span class='ocrx_word' id='word_1_213' title='bbox 440 2490 474 2552; x_wconf 82' lang='grc' dir='ltr'><strong>ἐκ</strong></span> <span class='ocrx_word' id='word_1_214' title='bbox 495 2491 552 2551; x_wconf 89' lang='grc' dir='ltr'><strong>τοῦ</strong></span> <span class='ocrx_word' id='word_1_215' title='bbox 574 2488 669 2569; x_wconf 88' lang='grc' dir='ltr'>νόμου</span> <span class='ocrx_word' id='word_1_216' title='bbox 691 2489 750 2553; x_wconf 85' lang='grc' dir='ltr'><strong>τοῦ</strong></span> <span class='ocrx_word' id='word_1_217' title='bbox 769 2492 950 2571; x_wconf 79' lang='grc' dir='ltr'>Μωυσέως,</span> <span class='ocrx_word' id='word_1_218' title='bbox 974 2486 991 2574; x_wconf 78' lang='grc' dir='ltr'><strong><em>ἦ</em></strong></span> <span class='ocrx_word' id='word_1_219' title='bbox 1011 2491 1049 2578; x_wconf 27' lang='grc' dir='ltr'><strong>δὲ.</strong></span> <span class='ocrx_word' id='word_1_220' title='bbox 1066 2483 1145 2572; x_wconf 79' lang='grc' dir='ltr'>άλλη</span> <span class='ocrx_word' id='word_1_221' title='bbox 1167 2491 1255 2552; x_wconf 85' lang='grc' dir='ltr'>πάσα</span> <span class='ocrx_word' id='word_1_222' title='bbox 1276 2489 1323 2551; x_wconf 84' lang='grc' dir='ltr'><strong>οἰ-</strong></span> 
     </span>
    </p>
   </div>
   <div class='ocr_carea' id='block_1_3' title="bbox 302 2663 926 2736">
    <p class='ocr_par' dir='ltr' id='par_1_11' title="bbox 302 2663 926 2736">
     <span class='ocr_line' id='line_1_24' title="bbox 302 2663 926 2736; baseline 0.005 -21"><span class='ocrx_word' id='word_1_223' title='bbox 302 2663 329 2716; x_wconf 87' lang='grc'><strong>8.</strong></span> <span class='ocrx_word' id='word_1_224' title='bbox 348 2663 441 2736; x_wconf 85' lang='grc' dir='ltr'>μόνον</span> <span class='ocrx_word' id='word_1_225' title='bbox 458 2666 533 2716; x_wconf 87' lang='lat' dir='ltr'><strong>omP</strong></span> <span class='ocrx_word' id='word_1_226' title='bbox 606 2666 645 2716; x_wconf 83' lang='lat'><strong>11.</strong></span> <span class='ocrx_word' id='word_1_227' title='bbox 667 2664 729 2735; x_wconf 85' lang='lat' dir='ltr'><strong>drio]</strong></span> <span class='ocrx_word' id='word_1_228' title='bbox 749 2665 889 2736; x_wconf 77' lang='grc' dir='ltr'>ἰδιώματα</span> <span class='ocrx_word' id='word_1_229' title='bbox 908 2668 926 2718; x_wconf 84' lang='lat' dir='ltr'><strong>P</strong></span> 
     </span>
    </p>
   </div>
   <div class='ocr_carea' id='block_1_4' title="bbox 218 2793 1324 3446">
    <p class='ocr_par' dir='ltr' id='par_1_12' title="bbox 218 2793 1324 3446">
     <span class='ocr_line' id='line_1_25' title="bbox 233 2793 1322 2881; baseline -0.004 -20"><span class='ocrx_word' id='word_1_230' title='bbox 233 2805 275 2862; x_wconf 82' lang='lat' dir='ltr'><strong>nis</strong></span> <span class='ocrx_word' id='word_1_231' title='bbox 295 2793 422 2877; x_wconf 76' lang='lat' dir='ltr'><strong>cogitatio</strong></span> <span class='ocrx_word' id='word_1_232' title='bbox 440 2827 486 2861; x_wconf 89' lang='lat' dir='ltr'><strong>seu</strong></span> <span class='ocrx_word' id='word_1_233' title='bbox 506 2811 588 2862; x_wconf 83' lang='lat' dir='ltr'><strong>animi</strong></span> <span class='ocrx_word' id='word_1_234' title='bbox 615 2825 708 2862; x_wconf 84' lang='lat' dir='ltr'><strong>sensus</strong></span> <span class='ocrx_word' id='word_1_235' title='bbox 727 2819 767 2862; x_wconf 85' lang='lat' dir='ltr'><strong>est</strong></span> <span class='ocrx_word' id='word_1_236' title='bbox 792 2811 901 2881; x_wconf 78' lang='lat' dir='ltr'><strong>qnidam</strong></span> <span class='ocrx_word' id='word_1_237' title='bbox 922 2812 1027 2861; x_wconf 79' lang='lat' dir='ltr'><strong>animae</strong></span> <span class='ocrx_word' id='word_1_238' title='bbox 1045 2812 1102 2861; x_wconf 81' lang='lat' dir='ltr'><strong>eins</strong></span> <span class='ocrx_word' id='word_1_239' title='bbox 1121 2817 1222 2880; x_wconf 80' lang='lat' dir='ltr'><strong>pertus.</strong></span> <span class='ocrx_word' id='word_1_240' title='bbox 1260 2825 1322 2859; x_wconf 83' lang='lat' dir='ltr'><strong>rur-</strong></span> 
     </span>
     <span class='ocr_line' id='line_1_26' title="bbox 233 2880 1321 2951; baseline -0.004 -18"><span class='ocrx_word' id='word_1_241' title='bbox 233 2897 278 2933; x_wconf 85' lang='lat' dir='ltr'><strong>sus</strong></span> <span class='ocrx_word' id='word_1_242' title='bbox 298 2880 342 2932; x_wconf 88' lang='lat' dir='ltr'><strong>dei</strong></span> <span class='ocrx_word' id='word_1_243' title='bbox 361 2882 528 2932; x_wconf 81' lang='lat' dir='ltr'><strong>voluntatem</strong></span> <span class='ocrx_word' id='word_1_244' title='bbox 548 2881 714 2949; x_wconf 77' lang='lat' dir='ltr'>appellamus</span> <span class='ocrx_word' id='word_1_245' title='bbox 733 2883 857 2951; x_wconf 82' lang='lat' dir='ltr'><strong>spiritum</strong></span> <span class='ocrx_word' id='word_1_246' title='bbox 880 2881 923 2932; x_wconf 85' lang='lat' dir='ltr'><strong>dei</strong></span> <span class='ocrx_word' id='word_1_247' title='bbox 941 2891 968 2933; x_wconf 83' lang='lat' dir='ltr'><strong>et</strong></span> <span class='ocrx_word' id='word_1_248' title='bbox 986 2883 1134 2932; x_wconf 76' lang='lat' dir='ltr'><strong>ceritatem.</strong></span> <span class='ocrx_word' id='word_1_249' title='bbox 1170 2880 1218 2931; x_wconf 84' lang='lat' dir='ltr'><strong>sed</strong></span> <span class='ocrx_word' id='word_1_250' title='bbox 1235 2880 1321 2947; x_wconf 79' lang='lat' dir='ltr'><strong>ipsam</strong></span> 
     </span>
     <span class='ocr_line' id='line_1_27' title="bbox 232 2952 1323 3027; baseline -0.005 -22"><span class='ocrx_word' id='word_1_251' title='bbox 232 2959 352 3005; x_wconf 76' lang='lat' dir='ltr'><strong>mentem</strong></span> <span class='ocrx_word' id='word_1_252' title='bbox 380 2953 461 3020; x_wconf 66' lang='lat' dir='ltr'><strong>pneris</strong></span> <span class='ocrx_word' id='word_1_253' title='bbox 490 2954 598 3003; x_wconf 87' lang='lat' dir='ltr'><strong>nomine</strong></span> <span class='ocrx_word' id='word_1_254' title='bbox 616 2969 757 3012; x_wconf 82' lang='lat' dir='ltr'><strong>vocamus,</strong></span> <span class='ocrx_word' id='word_1_255' title='bbox 786 2953 912 3027; x_wconf 78' lang='lat' dir='ltr'><strong>eoquod</strong></span> <span class='ocrx_word' id='word_1_256' title='bbox 938 2953 997 3021; x_wconf 85' lang='lat' dir='ltr'><strong>ipse</strong></span> <span class='ocrx_word' id='word_1_257' title='bbox 1018 2969 1067 3003; x_wconf 82' lang='lat' dir='ltr'><strong>nec</strong></span> <span class='ocrx_word' id='word_1_258' title='bbox 1088 2952 1194 3018; x_wconf 79' lang='lat' dir='ltr'><strong>genitus</strong></span> <span class='ocrx_word' id='word_1_259' title='bbox 1215 2952 1250 3002; x_wconf 85' lang='lat' dir='ltr'><strong>sit</strong></span> <span class='ocrx_word' id='word_1_260' title='bbox 1271 2967 1323 3000; x_wconf 86' lang='lat' dir='ltr'><strong>nec</strong></span> 
     </span>
     <span class='ocr_line' id='line_1_28' title="bbox 218 3022 1322 3092; baseline -0.002 -19"><span class='ocrx_word' id='word_1_261' title='bbox 218 3039 338 3074; x_wconf 63' lang='lat' dir='ltr'><strong>»causam</strong></span> <span class='ocrx_word' id='word_1_262' title='bbox 358 3031 420 3074; x_wconf 81' lang='lat' dir='ltr'><strong>ante</strong></span> <span class='ocrx_word' id='word_1_263' title='bbox 439 3040 466 3073; x_wconf 86' lang='lat' dir='ltr'><strong>se</strong></span> <span class='ocrx_word' id='word_1_264' title='bbox 486 3022 593 3085; x_wconf 76' lang='lat' dir='ltr'><strong>habent,</strong></span> <span class='ocrx_word' id='word_1_265' title='bbox 614 3033 799 3074; x_wconf 73' lang='lat' dir='ltr'><strong>nauseantem</strong></span> <span class='ocrx_word' id='word_1_266' title='bbox 818 3029 853 3075; x_wconf 84' lang='lat' dir='ltr'><strong>sit</strong></span> <span class='ocrx_word' id='word_1_267' title='bbox 872 3025 922 3074; x_wconf 83' lang='lat' dir='ltr'><strong>filii</strong></span> <span class='ocrx_word' id='word_1_268' title='bbox 941 3032 970 3074; x_wconf 76' lang='lat' dir='ltr'><strong>et</strong></span> <span class='ocrx_word' id='word_1_269' title='bbox 988 3024 1098 3092; x_wconf 72' lang='lat' dir='ltr'><strong>spiritus</strong></span> <span class='ocrx_word' id='word_1_270' title='bbox 1119 3023 1213 3074; x_wconf 80' lang='lat' dir='ltr'><strong>sancti.</strong></span> <span class='ocrx_word' id='word_1_271' title='bbox 1233 3037 1322 3091; x_wconf 88' lang='lat' dir='ltr'><strong>quon-</strong></span> 
     </span>
     <span class='ocr_line' id='line_1_29' title="bbox 234 3093 1323 3161; baseline -0.002 -18"><span class='ocrx_word' id='word_1_272' title='bbox 234 3095 286 3143; x_wconf 80' lang='lat' dir='ltr'><strong>iam</strong></span> <span class='ocrx_word' id='word_1_273' title='bbox 307 3094 387 3160; x_wconf 82' lang='lat' dir='ltr'><strong>igitur</strong></span> <span class='ocrx_word' id='word_1_274' title='bbox 405 3093 471 3144; x_wconf 82' lang='lat' dir='ltr'><strong>deos</strong></span> <span class='ocrx_word' id='word_1_275' title='bbox 503 3112 556 3144; x_wconf 91' lang='lat' dir='ltr'><strong>non</strong></span> <span class='ocrx_word' id='word_1_276' title='bbox 576 3094 662 3145; x_wconf 80' lang='lat' dir='ltr'><strong>solum</strong></span> <span class='ocrx_word' id='word_1_277' title='bbox 683 3112 725 3145; x_wconf 88' lang='lat' dir='ltr'><strong>res</strong></span> <span class='ocrx_word' id='word_1_278' title='bbox 744 3114 758 3144; x_wconf 85' lang='lat' dir='ltr'><strong>n</strong></span> <span class='ocrx_word' id='word_1_279' title='bbox 774 3113 802 3146; x_wconf 83' lang='lat' dir='ltr'><strong>se</strong></span> <span class='ocrx_word' id='word_1_280' title='bbox 821 3104 922 3147; x_wconf 83' lang='lat' dir='ltr'><strong>creatos</strong></span> <span class='ocrx_word' id='word_1_281' title='bbox 939 3096 1077 3161; x_wconf 82' lang='lat' dir='ltr'><strong>intelligit,</strong></span> <span class='ocrx_word' id='word_1_282' title='bbox 1095 3093 1142 3143; x_wconf 87' lang='lat' dir='ltr'><strong>sed</strong></span> <span class='ocrx_word' id='word_1_283' title='bbox 1160 3093 1245 3143; x_wconf 77' lang='lat' dir='ltr'><strong>multo</strong></span> <span class='ocrx_word' id='word_1_284' title='bbox 1265 3108 1323 3141; x_wconf 83' lang='lat' dir='ltr'><strong>mn·</strong></span> 
     </span>
     <span class='ocr_line' id='line_1_30' title="bbox 235 3163 1322 3238; baseline -0.002 -24"><span class='ocrx_word' id='word_1_285' title='bbox 235 3165 273 3230; x_wconf 86' lang='lat' dir='ltr'><strong>gis</strong></span> <span class='ocrx_word' id='word_1_286' title='bbox 295 3164 425 3230; x_wconf 73' lang='lat' dir='ltr'><strong>inteiligit</strong></span> <span class='ocrx_word' id='word_1_287' title='bbox 442 3173 470 3214; x_wconf 79' lang='lat' dir='ltr'><strong>et</strong></span> <span class='ocrx_word' id='word_1_288' title='bbox 490 3167 566 3216; x_wconf 87' lang='lat' dir='ltr'><strong>novit</strong></span> <span class='ocrx_word' id='word_1_289' title='bbox 582 3170 610 3216; x_wconf 71' lang='lat' dir='ltr'><strong>&#39;se</strong></span> <span class='ocrx_word' id='word_1_290' title='bbox 631 3167 726 3234; x_wconf 85' lang='lat' dir='ltr'><strong>ipsum,</strong></span> <span class='ocrx_word' id='word_1_291' title='bbox 746 3165 862 3238; x_wconf 84' lang='lat' dir='ltr'><strong>ideoque</strong></span> <span class='ocrx_word' id='word_1_292' title='bbox 883 3165 966 3217; x_wconf 79' lang='lat' dir='ltr'><strong>habet</strong></span> <span class='ocrx_word' id='word_1_293' title='bbox 995 3167 1084 3234; x_wconf 86' lang='lat' dir='ltr'><strong>iogurn</strong></span> <span class='ocrx_word' id='word_1_294' title='bbox 1105 3173 1133 3216; x_wconf 76' lang='lat' dir='ltr'><strong>et</strong></span> <span class='ocrx_word' id='word_1_295' title='bbox 1151 3163 1322 3232; x_wconf 76' lang='lat' dir='ltr'>sapientiam,</span> 
     </span>
     <span class='ocr_line' id='line_1_31' title="bbox 235 3235 1323 3308; baseline 0 -26"><span class='ocrx_word' id='word_1_296' title='bbox 235 3250 288 3305; x_wconf 83' lang='lat' dir='ltr'><strong>qua</strong></span> <span class='ocrx_word' id='word_1_297' title='bbox 309 3249 337 3284; x_wconf 83' lang='lat' dir='ltr'><strong>se</strong></span> <span class='ocrx_word' id='word_1_298' title='bbox 358 3235 446 3302; x_wconf 90' lang='lat' dir='ltr'><strong>ipsum</strong></span> <span class='ocrx_word' id='word_1_299' title='bbox 464 3235 595 3302; x_wconf 74' lang='lat' dir='ltr'><strong>intelligis</strong></span> <span class='ocrx_word' id='word_1_300' title='bbox 620 3239 728 3288; x_wconf 84' lang='lat' dir='ltr'>seorsim</span> <span class='ocrx_word' id='word_1_301' title='bbox 749 3247 776 3290; x_wconf 79' lang='lat' dir='ltr'><strong>et</strong></span> <span class='ocrx_word' id='word_1_302' title='bbox 794 3239 914 3308; x_wconf 81' lang='lat' dir='ltr'><strong>proprie3</strong></span> <span class='ocrx_word' id='word_1_303' title='bbox 943 3237 1023 3287; x_wconf 82' lang='lat' dir='ltr'>simili</span> <span class='ocrx_word' id='word_1_304' title='bbox 1044 3235 1123 3288; x_wconf 90' lang='lat' dir='ltr'><strong>modo</strong></span> <span class='ocrx_word' id='word_1_305' title='bbox 1142 3251 1197 3284; x_wconf 90' lang='lat' dir='ltr'><strong>non</strong></span> <span class='ocrx_word' id='word_1_306' title='bbox 1217 3241 1323 3285; x_wconf 79' lang='lat' dir='ltr'><strong>tantum</strong></span> 
     </span>
     <span class='ocr_line' id='line_1_32' title="bbox 235 3304 1324 3376; baseline -0.001 -22"><span class='ocrx_word' id='word_1_307' title='bbox 235 3305 295 3355; x_wconf 79' lang='lat' dir='ltr'>vult</span> <span class='ocrx_word' id='word_1_308' title='bbox 312 3312 340 3354; x_wconf 82' lang='lat' dir='ltr'><strong>et</strong></span> <span class='ocrx_word' id='word_1_309' title='bbox 357 3304 447 3371; x_wconf 82' lang='lat' dir='ltr'><strong>diligit</strong></span> <span class='ocrx_word' id='word_1_310' title='bbox 472 3321 503 3352; x_wconf 84' lang='lat' dir='ltr'><strong>ea</strong></span> <span class='ocrx_word' id='word_1_311' title='bbox 523 3324 592 3375; x_wconf 76' lang='lat' dir='ltr'><strong>quse</strong></span> <span class='ocrx_word' id='word_1_312' title='bbox 613 3306 686 3370; x_wconf 82' lang='lat' dir='ltr'><strong>fecit,</strong></span> <span class='ocrx_word' id='word_1_313' title='bbox 705 3308 753 3360; x_wconf 85' lang='lat' dir='ltr'><strong>sed</strong></span> <span class='ocrx_word' id='word_1_314' title='bbox 771 3312 829 3361; x_wconf 82' lang='lat' dir='ltr'>vult</span> <span class='ocrx_word' id='word_1_315' title='bbox 847 3318 875 3360; x_wconf 75' lang='lat' dir='ltr'><strong>et</strong></span> <span class='ocrx_word' id='word_1_316' title='bbox 896 3308 986 3374; x_wconf 78' lang='lat' dir='ltr'><strong>diligit</strong></span> <span class='ocrx_word' id='word_1_317' title='bbox 1005 3325 1033 3358; x_wconf 87' lang='lat' dir='ltr'><strong>se</strong></span> <span class='ocrx_word' id='word_1_318' title='bbox 1050 3308 1137 3376; x_wconf 87' lang='lat' dir='ltr'><strong>ipsum</strong></span> <span class='ocrx_word' id='word_1_319' title='bbox 1159 3306 1245 3356; x_wconf 83' lang='lat' dir='ltr'><strong>multo</strong></span> <span class='ocrx_word' id='word_1_320' title='bbox 1265 3320 1324 3354; x_wconf 86' lang='lat' dir='ltr'><strong>ma·</strong></span> 
     </span>
     <span class='ocr_line' id='line_1_33' title="bbox 237 3374 1323 3446; baseline 0.001 -23"><span class='ocrx_word' id='word_1_321' title='bbox 237 3375 292 3442; x_wconf 81' lang='lat' dir='ltr'><strong>gis:</strong></span> <span class='ocrx_word' id='word_1_322' title='bbox 313 3375 374 3424; x_wconf 86' lang='lat' dir='ltr'><strong>ideo</strong></span> <span class='ocrx_word' id='word_1_323' title='bbox 394 3374 428 3424; x_wconf 88' lang='lat' dir='ltr'><strong>nb</strong></span> <span class='ocrx_word' id='word_1_324' title='bbox 449 3383 560 3425; x_wconf 68' lang='lat' dir='ltr'><strong>aeterno</strong></span> <span class='ocrx_word' id='word_1_325' title='bbox 579 3379 730 3445; x_wconf 71' lang='lat' dir='ltr'><strong>procedunt</strong></span> <span class='ocrx_word' id='word_1_326' title='bbox 745 3396 778 3430; x_wconf 83' lang='lat' dir='ltr'><strong>ex</strong></span> <span class='ocrx_word' id='word_1_327' title='bbox 792 3380 843 3430; x_wconf 86' lang='lat' dir='ltr'><strong>deo</strong></span> <span class='ocrx_word' id='word_1_328' title='bbox 855 3389 911 3431; x_wconf 74' lang='lat' dir='ltr'><strong>tum</strong></span> <span class='ocrx_word' id='word_1_329' title='bbox 928 3380 1004 3446; x_wconf 87' lang='lat' dir='ltr'><strong>iogus</strong></span> <span class='ocrx_word' id='word_1_330' title='bbox 1025 3387 1080 3429; x_wconf 83' lang='lat' dir='ltr'><strong>turn</strong></span> <span class='ocrx_word' id='word_1_331' title='bbox 1100 3378 1210 3446; x_wconf 76' lang='lat' dir='ltr'><strong>spiritus</strong></span> <span class='ocrx_word' id='word_1_332' title='bbox 1228 3375 1323 3445; x_wconf 85' lang='lat' dir='ltr'><strong>ipsius,</strong></span> 
     </span>
    </p>
   </div>
   <div class='ocr_carea' id='block_1_5' title="bbox 238 3445 1324 3566">
    <p class='ocr_par' dir='ltr' id='par_1_13' title="bbox 238 3445 1324 3566">
     <span class='ocr_line' id='line_1_34' title="bbox 238 3445 1324 3566; baseline 0.001 -70"><span class='ocrx_word' id='word_1_333' title='bbox 238 3453 266 3496; x_wconf 78' lang='lat' dir='ltr'><strong>et</strong></span> <span class='ocrx_word' id='word_1_334' title='bbox 283 3445 314 3566; x_wconf 58' lang='lat' dir='ltr'><strong>igi</strong></span> <span class='ocrx_word' id='word_1_335' title='bbox 330 3453 468 3496; x_wconf 79' lang='lat' dir='ltr'><strong>oeternum</strong></span> <span class='ocrx_word' id='word_1_336' title='bbox 488 3447 597 3497; x_wconf 81' lang='lat' dir='ltr'><strong>suntin</strong></span> <span class='ocrx_word' id='word_1_337' title='bbox 619 3449 686 3517; x_wconf 88' lang='lat' dir='ltr'><strong>ipso.</strong></span> <span class='ocrx_word' id='word_1_338' title='bbox 724 3457 805 3519; x_wconf 81' lang='lat' dir='ltr'><strong>atque</strong></span> <span class='ocrx_word' id='word_1_339' title='bbox 823 3450 891 3501; x_wconf 81' lang='lat' dir='ltr'><strong>haec</strong></span> <span class='ocrx_word' id='word_1_340' title='bbox 912 3450 991 3500; x_wconf 82' lang='lat' dir='ltr'><strong>ambo</strong></span> <span class='ocrx_word' id='word_1_341' title='bbox 1011 3465 1070 3499; x_wconf 88' lang='lat' dir='ltr'><strong>cum</strong></span> <span class='ocrx_word' id='word_1_342' title='bbox 1087 3448 1138 3500; x_wconf 86' lang='lat' dir='ltr'><strong>deo</strong></span> <span class='ocrx_word' id='word_1_343' title='bbox 1158 3456 1235 3518; x_wconf 79' lang='lat' dir='ltr'><strong>patre</strong></span> <span class='ocrx_word' id='word_1_344' title='bbox 1253 3463 1324 3498; x_wconf 79' lang='lat' dir='ltr'><strong>unus</strong></span> 
     </span>
     <span class='ocr_line' id='line_1_35' title="bbox 238 3523 372 3566; baseline 0 0"><span class='ocrx_word' id='word_1_345' title='bbox 238 3523 278 3566; x_wconf 87' lang='lat' dir='ltr'><strong>est</strong></span> <span class='ocrx_word' id='word_1_346' title='bbox 317 3533 372 3566; x_wconf 87' lang='lat' dir='ltr'><strong>eus.</strong></span> 
     </span>
    </p>
   </div>
   <div class='ocr_carea' id='block_1_6' title="bbox 389 3587 827 3674">
    <p class='ocr_par' dir='ltr' id='par_1_14' title="bbox 389 3587 827 3674">
     <span class='ocr_line' id='line_1_36' title="bbox 389 3587 827 3674; baseline 0.002 -20"><span class='ocrx_word' id='word_1_347' title='bbox 389 3587 395 3598; x_wconf 39' lang='lat'>¹</span> <span class='ocrx_word' id='word_1_348' title='bbox 437 3604 573 3655; x_wconf 76' lang='lat' dir='ltr'>Hactenus</span> <span class='ocrx_word' id='word_1_349' title='bbox 593 3612 718 3674; x_wconf 83' lang='lat' dir='ltr'><strong>quartum</strong></span> <span class='ocrx_word' id='word_1_350' title='bbox 739 3612 827 3673; x_wconf 73' lang='lat' dir='ltr'>caput.</span> 
     </span>
    </p>
   </div>
   <div class='ocr_carea' id='block_1_7' title="bbox 238 3687 1328 4214">
    <p class='ocr_par' dir='ltr' id='par_1_15' title="bbox 238 3687 1328 4187">
     <span class='ocr_line' id='line_1_37' title="bbox 271 3687 1327 3761; baseline 0.005 -24"><span class='ocrx_word' id='word_1_351' title='bbox 271 3747 274 3754; x_wconf 33' lang='grc' dir='ltr'><strong><em>Ι</em></strong></span> <span class='ocrx_word' id='word_1_352' title='bbox 309 3687 447 3741; x_wconf 76' lang='lat' dir='ltr'><strong>Credimus</strong></span> <span class='ocrx_word' id='word_1_353' title='bbox 478 3689 558 3741; x_wconf 90' lang='lat' dir='ltr'><strong>deum</strong></span> <span class='ocrx_word' id='word_1_354' title='bbox 586 3693 647 3758; x_wconf 88' lang='lat' dir='ltr'><strong>logo</strong></span> <span class='ocrx_word' id='word_1_355' title='bbox 674 3693 822 3760; x_wconf 66' lang='lat' dir='ltr'><strong>sapientiae</strong></span> <span class='ocrx_word' id='word_1_356' title='bbox 849 3700 878 3742; x_wconf 77' lang='lat' dir='ltr'><strong>et</strong></span> <span class='ocrx_word' id='word_1_357' title='bbox 909 3694 1047 3761; x_wconf 72' lang='lat' dir='ltr'><strong>potentine</strong></span> <span class='ocrx_word' id='word_1_358' title='bbox 1080 3708 1144 3741; x_wconf 86' lang='lat' dir='ltr'><strong>suae</strong></span> <span class='ocrx_word' id='word_1_359' title='bbox 1173 3690 1327 3742; x_wconf 70' lang='lat' dir='ltr'><strong>condidisse</strong></span> 
     </span>
     <span class='ocr_line' id='line_1_38' title="bbox 238 3758 1328 3830; baseline -0.002 -19"><span class='ocrx_word' id='word_1_360' title='bbox 238 3758 383 3826; x_wconf 63' lang='lat' dir='ltr'><strong>mundum</strong></span> <span class='ocrx_word' id='word_1_361' title='bbox 401 3776 432 3811; x_wconf 79' lang='lat' dir='ltr'><strong>ac</strong></span> <span class='ocrx_word' id='word_1_362' title='bbox 454 3764 549 3830; x_wconf 87' lang='lat' dir='ltr'><strong>spiritu</strong></span> <span class='ocrx_word' id='word_1_363' title='bbox 572 3763 660 3814; x_wconf 82' lang='lat' dir='ltr'><strong>bonne</strong></span> <span class='ocrx_word' id='word_1_364' title='bbox 680 3764 826 3814; x_wconf 78' lang='lat' dir='ltr'><strong>voluntatis</strong></span> <span class='ocrx_word' id='word_1_365' title='bbox 844 3771 872 3813; x_wconf 85' lang='lat' dir='ltr'><strong>st</strong></span> <span class='ocrx_word' id='word_1_366' title='bbox 892 3764 1008 3814; x_wconf 78' lang='lat' dir='ltr'><strong>caritatis</strong></span> <span class='ocrx_word' id='word_1_367' title='bbox 1026 3778 1089 3814; x_wconf 80' lang='lat' dir='ltr'><strong>suae</strong></span> <span class='ocrx_word' id='word_1_368' title='bbox 1108 3760 1258 3830; x_wconf 83' lang='lat' dir='ltr'><strong>providere,</strong></span> <span class='ocrx_word' id='word_1_369' title='bbox 1277 3778 1328 3829; x_wconf 87' lang='lat' dir='ltr'><strong>gn.</strong></span> 
     </span>
     <span class='ocr_line' id='line_1_39' title="bbox 239 3831 1327 3900; baseline 0 -18"><span class='ocrx_word' id='word_1_370' title='bbox 239 3831 351 3882; x_wconf 86' lang='lat' dir='ltr'><strong>bernnre</strong></span> <span class='ocrx_word' id='word_1_371' title='bbox 370 3839 398 3881; x_wconf 81' lang='lat' dir='ltr'><strong>et</strong></span> <span class='ocrx_word' id='word_1_372' title='bbox 416 3850 522 3883; x_wconf 86' lang='lat' dir='ltr'><strong>movere</strong></span> <span class='ocrx_word' id='word_1_373' title='bbox 545 3851 650 3885; x_wconf 82' lang='lat' dir='ltr'><strong>ornnem</strong></span> <span class='ocrx_word' id='word_1_374' title='bbox 677 3843 799 3883; x_wconf 69' lang='lat' dir='ltr'><strong>naturam</strong></span> <span class='ocrx_word' id='word_1_375' title='bbox 820 3849 893 3882; x_wconf 79' lang='lat' dir='ltr'><strong>suam</strong></span> <span class='ocrx_word' id='word_1_376' title='bbox 914 3835 941 3883; x_wconf 90' lang='lat' dir='ltr'><strong>in</strong></span> <span class='ocrx_word' id='word_1_377' title='bbox 959 3833 1076 3896; x_wconf 86' lang='lat' dir='ltr'><strong>mundo,</strong></span> <span class='ocrx_word' id='word_1_378' title='bbox 1095 3832 1129 3882; x_wconf 83' lang='lat' dir='ltr'><strong>nd</strong></span> <span class='ocrx_word' id='word_1_379' title='bbox 1149 3831 1258 3894; x_wconf 87' lang='lat' dir='ltr'><strong>bonum,</strong></span> <span class='ocrx_word' id='word_1_380' title='bbox 1277 3847 1327 3900; x_wconf 88' lang='lat' dir='ltr'><strong>pro</strong></span> 
     </span>
     <span class='ocr_line' id='line_1_40' title="bbox 240 3903 1328 3975; baseline 0.002 -24"><span class='ocrx_word' id='word_1_381' title='bbox 240 3903 369 3968; x_wconf 84' lang='lat' dir='ltr'><strong>cuiusque</strong></span> <span class='ocrx_word' id='word_1_382' title='bbox 395 3911 505 3954; x_wconf 81' lang='lat' dir='ltr'><strong>naturae</strong></span> <span class='ocrx_word' id='word_1_383' title='bbox 536 3904 639 3956; x_wconf 80' lang='lat' dir='ltr'><strong>ordine.</strong></span> <span class='ocrx_word' id='word_1_384' title='bbox 676 3904 738 3953; x_wconf 91' lang='lat' dir='ltr'><strong>ideo</strong></span> <span class='ocrx_word' id='word_1_385' title='bbox 757 3904 888 3954; x_wconf 82' lang='lat' dir='ltr'><strong>credimus</strong></span> <span class='ocrx_word' id='word_1_386' title='bbox 908 3905 1005 3967; x_wconf 85' lang='lat' dir='ltr'><strong>deum,</strong></span> <span class='ocrx_word' id='word_1_387' title='bbox 1025 3904 1132 3975; x_wconf 84' lang='lat' dir='ltr'><strong>quando</strong></span> <span class='ocrx_word' id='word_1_388' title='bbox 1154 3905 1249 3964; x_wconf 78' lang='lat' dir='ltr'><strong>voluit,</strong></span> <span class='ocrx_word' id='word_1_389' title='bbox 1268 3903 1328 3953; x_wconf 83' lang='lat' dir='ltr'><strong>sola</strong></span> 
     </span>
     <span class='ocr_line' id='line_1_41' title="bbox 240 3972 1327 4035; baseline 0.002 -13"><span class='ocrx_word' id='word_1_390' title='bbox 240 3972 422 4024; x_wconf 75' lang='lat' dir='ltr'><strong>misericordia</strong></span> <span class='ocrx_word' id='word_1_391' title='bbox 443 3990 489 4024; x_wconf 85' lang='lat' dir='ltr'><strong>sua</strong></span> <span class='ocrx_word' id='word_1_392' title='bbox 509 3978 671 4028; x_wconf 73' lang='lat' dir='ltr'><strong>convertisse</strong></span> <span class='ocrx_word' id='word_1_393' title='bbox 690 3974 822 4035; x_wconf 83' lang='lat' dir='ltr'><strong>homiues,</strong></span> <span class='ocrx_word' id='word_1_394' title='bbox 840 3975 1000 4027; x_wconf 79' lang='lat' dir='ltr'><strong>abducendo</strong></span> <span class='ocrx_word' id='word_1_395' title='bbox 1025 3974 1216 4025; x_wconf 80' lang='lat' dir='ltr'><strong>aseductione</strong></span> <span class='ocrx_word' id='word_1_396' title='bbox 1236 3982 1264 4024; x_wconf 86' lang='lat' dir='ltr'><strong>et</strong></span> <span class='ocrx_word' id='word_1_397' title='bbox 1282 3991 1327 4024; x_wconf 88' lang='lat' dir='ltr'><strong>er·</strong></span> 
     </span>
     <span class='ocr_line' id='line_1_42' title="bbox 243 4042 1327 4115; baseline 0 -22"><span class='ocrx_word' id='word_1_398' title='bbox 243 4060 300 4093; x_wconf 87' lang='lat' dir='ltr'><strong>rore</strong></span> <span class='ocrx_word' id='word_1_399' title='bbox 322 4042 482 4095; x_wconf 81' lang='lat' dir='ltr'><strong>doemonum</strong></span> <span class='ocrx_word' id='word_1_400' title='bbox 508 4054 536 4095; x_wconf 86' lang='lat' dir='ltr'><strong>et</strong></span> <span class='ocrx_word' id='word_1_401' title='bbox 558 4047 631 4097; x_wconf 80' lang='lat' dir='ltr'><strong>cuitu</strong></span> <span class='ocrx_word' id='word_1_402' title='bbox 653 4045 803 4108; x_wconf 86' lang='lat' dir='ltr'><strong>idolorum,</strong></span> <span class='ocrx_word' id='word_1_403' title='bbox 828 4057 969 4114; x_wconf 69' lang='lat' dir='ltr'><strong>propterea</strong></span> <span class='ocrx_word' id='word_1_404' title='bbox 991 4047 1064 4115; x_wconf 83' lang='lat' dir='ltr'><strong>quod</strong></span> <span class='ocrx_word' id='word_1_405' title='bbox 1084 4054 1194 4114; x_wconf 74' lang='lat' dir='ltr'><strong>excepte</strong></span> <span class='ocrx_word' id='word_1_406' title='bbox 1213 4052 1327 4111; x_wconf 74' lang='lat' dir='ltr'><strong>angusta</strong></span> 
     </span>
     <span class='ocr_line' id='line_1_43' title="bbox 243 4113 1328 4187; baseline 0.002 -23"><span class='ocrx_word' id='word_1_407' title='bbox 243 4115 351 4182; x_wconf 75' lang='lat' dir='ltr'><strong>regione</strong></span> <span class='ocrx_word' id='word_1_408' title='bbox 376 4113 556 4177; x_wconf 79' lang='lat' dir='ltr'><strong>ludaeorum,</strong></span> <span class='ocrx_word' id='word_1_409' title='bbox 586 4119 614 4168; x_wconf 90' lang='lat' dir='ltr'><strong>in</strong></span> <span class='ocrx_word' id='word_1_410' title='bbox 632 4133 685 4187; x_wconf 82' lang='lat' dir='ltr'><strong>qun</strong></span> <span class='ocrx_word' id='word_1_411' title='bbox 705 4135 772 4168; x_wconf 86' lang='lat' dir='ltr'><strong>unus</strong></span> <span class='ocrx_word' id='word_1_412' title='bbox 792 4117 956 4169; x_wconf 71' lang='lat' dir='ltr'><strong>adorabatur</strong></span> <span class='ocrx_word' id='word_1_413' title='bbox 984 4125 1012 4168; x_wconf 73' lang='lat' dir='ltr'><strong>et</strong></span> <span class='ocrx_word' id='word_1_414' title='bbox 1028 4115 1188 4169; x_wconf 74' lang='lat' dir='ltr'><strong>credebatur</strong></span> <span class='ocrx_word' id='word_1_415' title='bbox 1206 4116 1274 4167; x_wconf 86' lang='lat' dir='ltr'><strong>deus</strong></span> <span class='ocrx_word' id='word_1_416' title='bbox 1294 4131 1328 4166; x_wconf 70' lang='lat' dir='ltr'><strong>es</strong></span> 
     </span>
    </p>

    <p class='ocr_par' dir='ltr' id='par_1_16' title="bbox 290 4195 687 4214">
     <span class='ocr_line' id='line_1_44' title="bbox 290 4195 687 4214; baseline 0.005 -2"><span class='ocrx_word' id='word_1_417' title='bbox 290 4195 298 4212; x_wconf 71' lang='grc' dir='ltr'><em>Ι</em></span> <span class='ocrx_word' id='word_1_418' title='bbox 682 4208 687 4214; x_wconf 83' lang='lat'>.</span> 
     </span>
    </p>
   </div>
   <div class='ocr_carea' id='block_1_8' title="bbox 0 0 1472 4775">
    <p class='ocr_par' dir='ltr' id='par_1_17' title="bbox 0 0 1472 4775">
     <span class='ocr_line' id='line_1_45' title="bbox 0 0 1472 4775; baseline 0 0"><span class='ocrx_word' id='word_1_419' title='bbox 0 0 1472 4775; x_wconf 95' lang='lat' dir='ltr'><strong> </strong></span> 
     </span>
    </p>
   </div>
  </div>
 </body>
</html>
