2884 4775
273 244 343 309 172
728 247 924 312 HISTORIA

210 399 352 480 165ρὲων
371 396 527 478 κληρικάν
548 392 713 476 α’ρχόντων
729 399 784 459 κατ’
796 396 919 456 πολλῶν
935 385 1038 456 άλλων
1052 392 1220 477 χρησίμων
1234 393 1373 474 ἀνδρῶν.

224 498 228 503 ’
269 493 387 577 εὑρέθη
411 494 446 555 δὲ
465 489 532 556 τότε
565 496 610 565 εἰς
634 489 691 572 τήν
710 492 848 575 μεγάλην
869 494 1034 571 ἐκκλησίαν
1056 494 1110 555 καί
1130 488 1146 553 ά
1169 491 1372 575 πατριάρχης
1436 552 1437 555 ,

264 587 500 673 Ἱεροσολύμων,
521 586 613 673 κάρις
635 588 810 672 Γιρμανός,
830 589 884 652 καί
902 588 1032 653 ἐκάθισε
1056 589 1111 653 καί
1131 591 1226 665 αὐτὸς
1247 590 1293 663 εἰς
1316 591 1372 670 την
1436 606 1437 675 η

268 692 410 752 σύνοδον.
470 686 525 750 καί
556 685 761 771 ὁμιλήσαντες
799 686 896 751 πολλά
940 692 1015 768 περὶ
1042 692 1100 751 τοῦ
1135 690 1372 769 πατριαρχικοῦ

268 787 386 868 θρόνον
416 786 628 871 ὅμοφσλνησαν
651 792 706 850 καί
725 786 859 871 ἔστησαν
887 787 1055 866 καῐτάμσν
1084 788 1250 871 ἐγγράφως
1274 784 1398 867 eppa-5

268 902 345 965 ψαν,
367 886 421 948 καί
441 884 582 948 κάτωθεν
601 884 832 968 ὁπατριάρχης
856 884 955 959 ου’τὸς
969 889 1032 947 τοῖν
1049 885 1277 964 Ἱεροσολύμων
1293 885 1372 947 ὑπέ-

266 1000 372 1065 γραψε
396 988 450 1047 καί
483 978 549 1047 ὅλοι
573 981 602 1047 οἱ
626 985 796 1066 ἀρχιερεῖς,
821 980 888 1047 ὅσοι
912 984 1108 1066 εἰρέθησαν,
1130 988 1184 1045 κιιιΙ
1206 980 1233 1045 oi
1257 989 1372 1063 κληρι-
1436 994 1437 1045 l

267 1088 325 1146 κοί.
381 1080 397 1145 ὅ
429 1085 465 1145 di
495 1081 586 1163 τόμος
618 1080 722 1163 ἔλεγεν
754 1080 846 1166 ἔτζη,
882 1080 956 1162 ὅτι,
977 1080 1084 1166 ὅποιος
1108 1087 1169 1146 τῶν
1190 1084 1371 1162 α’ρχιερέων

143 1203 145 1206 ·
181 1211 183 1217 ·
267 1186 411 1269 βουληθῇ
444 1187 485 1261 μὲ
517 1185 632 1245 κανένα
655 1179 770 1261 τρόπον
796 1183 851 1245 aar*
876 1185 959 1263 γένει
984 1182 1179 1264 πατριάρχης
1206 1182 1308 1259 χωρίς
1331 1178 1369 1239 val
1436 1218 1437 1247 1

268 1285 455 1362 μαζοχθοῦν
475 1278 540 1345 ὅλοι
557 1282 585 1344 οἱ
610 1285 782 1364 α’ρχιεριῖς,
808 1290 1034 1364 μητροπολῖται
1052 1278 1294 1363 άρχιεπι’σκοποι
1317 1283 1371 1341 καί
1382 1292 1414 1342 10
1436 1282 1437 1297 ³

269 1382 448 1460 ἐπίσκοποι,
477 1385 531 1462 τῆς
566 1375 737 1461 ἀνατολῆς,
770 1384 825 1462 τῆς
854 1384 974 1453 δνσέως
1009 1384 1065 1443 καί
1080 1384 1136 1462 τῆς
1159 1380 1370 1457 Πελοπονὴση
1436 1420 1437 1423 =

269 1470 365 1559 ἤγουν
389 1482 445 1541 τοῦ
466 1482 614 1558 Μορὲως,
636 1478 674 1541 νά
695 1479 763 1542 ἔνια
796 1480 1065 1561 αὕτοκαθαίριτος
1093 1476 1370 1559 τηςάρχιερωσά.
1411 1536 1415 1543 ,

273 1599 328 1656 νης
349 1580 405 1638 uui
423 1580 480 1640 τοῦ
494 1576 624 1658 θρόνον.
671 1579 726 1640 καί
740 1577 921 1663 α’φοριομάν
943 1576 958 1639 ὁ
978 1578 1170 1655 Ἡρακλείοις
1191 1572 1371 1659 ἐξεφάνηαε

270 1672 349 1753 μετά
372 1674 557 1759 ιόμοφοριόυ
580 1675 634 1739 καλ
647 1679 888 1761 ἐπιτραχηλίου.
932 1678 987 1739 καί
1005 1674 1078 1758 ἔτζη
1099 1673 1272 1759 ὁμοφώνως
1294 1673 1372 1735 α’πὲ-

272 1780 398 1835 στιιλαν
420 1774 644 1855 ταχνδρόμοος
666 1778 711 1849 εἰς
736 1774 810 1848 τούς
833 1778 994 1857 ἀρχιερεῖς
1015 1771 1095 1854 μετά
1116 1776 1284 1854 βασιλικοῦ
1300 1770 1414 1851 ripa-¹5

272 1876 378 1954 ομοῦ,
407 1876 463 1935 καί
482 1870 635 1951 ἐσάναξαν
663 1874 739 1947 roric
762 1876 922 1957 α’ρχιιρεῑς
944 1871 1059 1946 αὐτούς
1092 1869 1194 1953 ὅλους,
1220 1872 1275 1934 καὶ
1293 1895 1372 1934 σνν-

272 1967 399 2054 τζιλέτη
422 1971 494 2045 τούς
516 1971 653 2053 ἔκαμνον
687 1978 732 2049 εἰς
755 1971 809 2037 τάν
830 1977 942 2056 raddei.
997 1970 1103 2045 ὅποιος
1125 1975 1178 2035 aar
1199 1970 1306 2058 ὑπάγῃ
1328 1973 1373 2044 εἰς

274 2068 310 2131 τά
335 2081 563 2153 πατριαρχιῖον
584 2077 637 2135 καί
666 2074 682 2154 ἦ
705 2071 805 2154 βοολη
826 2077 964 2155 μερικῶν
992 2067 1167 2153 ἀρχιερέων
1188 2073 1244 2134 καί
1263 2077 1373 2152 κληρι.

277 2172 338 2231 κῶν
359 2171 413 2231 καί
435 2172 597 2251 α’ρχὸνιων
632 2165 723 2254 η’τον,
746 2170 832 2247 cloria
852 2174 1039 2253 συναχθοῦν
1060 2168 1126 2233 ὅλοι
1148 2167 1177 2233 oi
1200 2173 1372 2253 α’ρχιερεῖς,

272 2267 342 2331 τότε
362 2266 399 2331 νά
421 2271 504 2351 γένει
525 2268 674 2349 σύνοδος,
698 2269 737 2334 νά
762 2275 986 2353 καθαρισθοῦν
1011 2274 1065 2333 κατ’
1085 2267 1123 2332 νά
1148 2271 1415 2351 ἐξωριζωθοῦνοο

272 2365 373 2432 πολλοὶ
390 2370 518 2433 ἐναντία
540 2371 602 2432 olari
632 2368 688 2454 την
711 2368 850 2454 μεγάλην
874 2373 1059 2453 ἐκκλησίαν,
1093 2367 1175 2452 α’ρχη
1200 2368 1233 2431 τὸ
1261 2371 1369 2448 ,Σιμω-

240 2675 245 2682 ¹
273 2616 380 2666 virtutis
400 2618 525 2668 virorum.
570 2618 663 2669 aderat
688 2626 753 2669 tunc
780 2620 808 2668 in
827 2634 921 2685 magna
950 2619 1062 2668 ecclesia
1089 2615 1238 2686 patriarcha
1258 2632 1369 2684 quoque

272 2687 543 2753 Hierosolymitanus,
563 2691 606 2738 cui
626 2705 724 2739 nomen
747 2688 896 2739 Germanus
915 2697 993 2752 erat,
1026 2697 1053 2738 et
1072 2689 1187 2738 concilio
1206 2687 1265 2754 ipae
1286 2688 1369 2736 etiam

272 2759 409 2808 intererat.
448 2759 525 2825 longa
545 2757 579 2808 de
592 2758 770 2827 patriarchico
794 2757 890 2808 throno
910 2757 1094 2824 disputatione
1114 2758 1205 2808 hahita
1226 2758 1368 2806 unanimes

272 2829 415 2878 salutarem
434 2831 656 2880 constitutionem
675 2831 811 2892 feceruut3
836 2846 915 2897 quam
938 2837 965 2878 et
990 2830 1017 2878 in
1038 2829 1165 2894 scriptum
1186 2827 1367 2893 redegerunt,

273 2907 301 2948 et
319 2899 386 2947 inira
416 2908 471 2950 tum
493 2900 738 2966 Hierosolymorum
766 2900 915 2966 patriarcha
944 2898 1117 2966 subscripsit,
1146 2907 1201 2950 tum
1230 2905 1368 2965 quotquot

273 2967 386 3020 aderant
407 2971 551 3038 pontifices
582 2987 613 3020 ac
640 2971 740 3020 clerici.
784 2969 874 3020 aiebat
900 2969 953 3018 ⁴illa
981 2971 1085 3018 sanctio
1105 2971 1156 3019 sic:
1188 2970 1367 3034 “quicunque

272 3041 423 3107 praesulum
439 3042 523 3091 vellet
545 3043 601 3091 ullo
622 3041 703 3091 modo
726 3040 782 3104 fieri
806 3039 964 3108 patriarcha,
985 3039 1088 3108 absque
1107 3057 1139 3089 eo
1159 3046 1188 3088 ut
1209 3038 1301 3086 cuncti
1324 3053 1368 3086 es-

272 3117 333 3159 seut
352 3112 505 3176 congregati
526 3111 676 3178 pontifices,
697 3110 888 3178 metropolitae
900 3109 1095 3176 archiepiscopi
1117 3117 1144 3158 et
1162 3109 1291 3176 episcopi,
1310 3115 1368 3156 tum

272 3179 391 3230 Orientis
411 3188 467 3230 tum
487 3181 641 3232 Occidentis
657 3190 712 3231 tum
729 3181 917 3248 Peloponnesi,
939 3179 1011 3228 hunc
1030 3180 1119 3237 talem,
1140 3179 1189 3226 iam
1212 3178 1299 3246 ipsum
1321 3193 1369 3243 per

272 3265 300 3299 re
319 3258 519 3302 contemnatum
545 3252 703 3318 pontificatu
726 3260 754 3302 et
784 3253 881 3301 throno
901 3249 1036 3300 deiectum
1058 3247 1142 3298 esse.”
1185 3264 1215 3297 ac
1236 3246 1368 3297 condem-

272 3321 409 3370 nationem
430 3318 464 3367 ab
491 3320 676 3388 ecclesiaeque
695 3323 830 3372 consortio
858 3321 1050 3370 seiunctionem
1081 3318 1225 3368 Heracleae
1244 3318 1369 3378 antistes,

272 3404 345 3437 sacra
371 3388 501 3438 humerali
533 3399 561 3439 et
586 3391 680 3440 collari
706 3400 780 3442 verte
814 3391 942 3450 indutus,
975 3389 1162 3456 promulgavit.
1205 3396 1269 3438 tunc
1301 3403 1369 3436 con·

272 3457 346 3507 cordi
364 3475 430 3509 voce
450 3460 598 3510 emiserunt
618 3462 739 3526 pernices
758 3461 866 3510 nuntios
889 3459 922 3510 ad
944 3461 1085 3528 pontifices
1109 3477 1167 3508 cum
1197 3459 1270 3525 regio
1290 3474 1367 3507 man-

272 3527 351 3577 dato:
371 3544 416 3579 eos
434 3540 630 3596 congregarunt
650 3531 802 3593 universos,
822 3537 849 3580 et
871 3531 943 3598 apud
964 3530 1154 3597 provincialem
1181 3529 1298 3578 iudicem
1328 3536 1368 3578 ta-

272 3597 326 3647 lem
346 3598 545 3651 ordinationem
564 3601 774 3650 constituerunt.
821 3600 1057 3668 “quandocunque
1082 3599 1180 3670 aliquis
1199 3596 1369 3665 patriarcha·

273 3677 329 3717 tum
348 3670 443 3720 sitiens
461 3689 515 3720 non
544 3669 683 3721 accederet
699 3672 726 3720 iu
750 3671 956 3736 patriarcham,
987 3669 1034 3720 sed
1056 3679 1160 3721 tanturn
1178 3669 1298 3718 coitione
1317 3668 1369 3716 ali-

274 3746 343 3804 quot
373 3740 525 3807 pauciorum
547 3742 713 3808 praesulum,
731 3741 887 3790 clericorum
910 3750 937 3790 et
966 3742 1120 3808 primorum,
1141 3743 1283 3804 legeretur,
1304 3755 1368 3805 per-

272 3806 336 3855 inde
357 3825 387 3857 ac
405 3810 480 3859 siah
503 3811 688 3863 universorum
710 3811 825 3862 concilio
847 3813 949 3862 electus
969 3819 1049 3872 esset,
1070 3819 1134 3860 tuuc
1154 3808 1286 3874 synodum
1309 3824 1367 3857 esse
1436 3855 1437 3860 ,

272 3877 433 3942 cogendam,
458 3881 485 3928 iu
505 3897 558 3957 qua
579 3881 646 3932 tales
666 3881 798 3946 dignitate
827 3897 873 3929 aua
893 3890 1063 3930 moverentur
1091 3890 1118 3929 et
1137 3879 1216 3945 louge
1238 3895 1253 3926 a
1272 3895 1369 3944 magna

272 3949 386 3997 ecclesia
406 3949 533 4000 eradicati
555 3951 775 4018 proiicerentur.''
822 3951 1021 4018 improbitatem
1045 3949 1113 3999 hanc
1132 3967 1146 3998 a
1167 3947 1369 3998 nundinatione

272 4017 389 4069 Simonis
408 4020 493 4086 magi,
513 4020 546 4070 de
568 4040 622 4090 quo
642 4024 668 4071 in
691 4021 761 4070 libro
790 4037 875 4070 rerum
900 4021 933 4070 ab
957 4022 1087 4088 apostolis
1107 4019 1203 4069 Christi
1223 4027 1368 4086 gestarum,

272 4095 360 4138 ortum
388 4097 416 4140 et
435 4107 535 4140 nomen
565 4091 681 4157 habemq
701 4099 793 4142 contra
813 4108 894 4160 quam
918 4101 1008 4142 estare
1030 4107 1157 4140 canonem
1177 4090 1368 4157 apostolicum.
