2884 4775
264 241 311 310 80
722 251 916 315 HlSTORlA

346 396 466 461 Λοιπὸν
498 399 527 464 οἱ
557 404 698 484 κληρινοί
730 399 810 465 κατὰ
843 398 898 463 τὸν
928 396 1058 480 ὁρισμὸν
1092 402 1149 463 τοῦ
1180 399 1355 465 σουλτάνου

264 493 419 573 ἕσυνυξον
439 496 587 579 μερικούς
606 499 681 571 τούς
701 499 831 582 πλησίον
853 499 1022 582 ἀρχιερεῖς.
1068 499 1123 562 καί
1142 501 1279 567 συνόδου
1298 523 1356 581 γε-

263 598 396 677 νομένης
417 593 542 674 ἕκλιξον
564 594 628 661 ὅλοι
651 596 826 683 ὁμοφώνως
851 595 906 661 τὸν
925 598 1111 682 σοφώτατον
1131 595 1223 679 κύριν
1243 602 1274 662 Γ
1271 599 1355 683 cario.

214 716 221 745 ι
262 717 330 777 γιον
350 696 403 758 τὸν
425 696 605 779 σχολάριον,
629 697 646 760 ὁ
668 694 773 771 ὁποῖος
793 690 871 781 ἦτον
885 687 1001 780 Ικριτὴς
1022 700 1078 779 τῆς
1099 702 1268 781 βασιλικῆς·
1286 704 1355 785 κρί·

262 817 342 867 σεως
359 799 404 869 εἰς
424 794 480 869 τοὶς
501 798 623 879 ἡμέρας
650 803 713 860 τοῖν
733 800 889 879 βασιλέων
920 801 984 860 τοῖν
1002 794 1181 877 Ῥωμαίων,
1202 798 1257 861 καί
1275 795 1380 865 iiam

203 893 377 975 108ῠπῆγεν
406 894 423 957 ὁ
453 894 606 976 βασιλευς
631 891 779 980 Ἰωάννης
798 896 815 960 ὁ
837 897 1059 977 Παλοιολόγος
1089 900 1134 971 εἰς
1156 896 1215 980 τὴν
1241 902 1354 983 Φραγ..

258 996 342 1075 γιόν,
356 993 441 1058 ’ὀποῦ
462 993 583 1075 ἔκαμον
605 995 661 1079 τὴν
683 997 795 1079 ὀγδόην
823 997 976 1074 σύνοδον,
997 994 1093 1079 ἐπῆρε
1116 996 1171 1059 καί
1191 996 1289 1062 ον’νὸν
1311 998 1355 1074 οὖς

259 1093 453 1175 σοφώτατον.
501 1087 576 1175 ἦτον
606 1098 641 1158 δὲ
677 1090 797 1175 ἄνδρας
824 1094 996 1177 ἆγιοὶιστος
1029 1097 1084 1157 sut*
1115 1096 1354 1177 ου’λοιβέστοιτος,

259 1190 314 1255 καί
332 1192 374 1266 ὥς
399 1191 519 1257 itunae
542 1194 691 1261 αὐτοῦτὸ
712 1197 826 1277 μικρὸν
841 1193 973 1279 μήνυμα
993 1196 1051 1259 διὰ
1074 1195 1112 1259 vri
1137 1194 1193 1259 τὸν
1212 1196 1353 1277 ἐκάμουν

259 1294 481 1375 πατριάρχην,
508 1294 634 1371 τελείως
664 1298 718 1360 atr
752 1288 847 1379 ἤθελε
872 1293 911 1357 νοὶ
943 1294 977 1359 τὸ
998 1295 1135 1381 ἀκούσῃ,
1157 1298 1233 1359 aaut
1254 1294 1293 1359 νοὶ
1318 1291 1352 1360 τὸ
1364 1303 1395 1355 10

260 1395 382 1477 στέρξῃ,
405 1391 457 1454 διὰ
483 1392 519 1456 νά
542 1399 612 1479 γένῃ
632 1396 841 1479 πατριάρχης.
863 1392 893 1459 οἱ
915 1396 951 1458 δὲ
971 1396 1132 1478 σ’ρχιερεῖς
1156 1393 1210 1458 καί
1228 1391 1258 1458 οἱ
1278 1398 1353 1476 alq-

262 1494 353 1572 ρηκοί
380 1494 434 1554 καί
463 1491 480 1554 ὃ
509 1492 585 1567 λαός
611 1488 682 1569 ὅλος
713 1498 769 1558 καί
799 1498 954 1568 στανιιιοός
979 1490 1081 1556 αὐτοῦ
1109 1492 1230 1574 ἔκαμον
1251 1493 1354 1556 ου’τὸν

261 1587 469 1673 πατριάρχην,
493 1591 649 1666 δαίσαντες
669 1592 773 1655 αὐτοῦ
790 1596 846 1655 καί
859 1591 893 1656 τό
915 1594 996 1673 μέγα
1012 1591 1151 1675 μήνυμα.
1193 1590 1353 1675 ἐχειροτό.

262 1710 354 1769 νηοεν
376 1687 474 1751 ον’τὸν
495 1686 710 1772 ὁἩρακλειάς
729 1689 808 1770 μετὰ
832 1694 887 1755 καί
909 1684 1012 1754 ἄλλων
1033 1695 1156 1753 πολλῶν
1176 1690 1354 1772 ἀρχιερέων

261 1787 296 1848 ἐν
316 1788 359 1873 τρῖ
380 1790 445 1873 ναῷ
465 1791 526 1850 τών
538 1788 635 1868 ἁγίων
654 1785 845 1870 ἀποστόλων,
867 1788 945 1853 6ποῦ
966 1789 1066 1867 ἔκςισε
1082 1788 1271 1871 Θεοδώροιῆ
1292 1791 1396 1869 flu-15

261 1886 434 1969 σι’λισσα,’ἦ
459 1886 609 1969 ὁμόζυγος
632 1892 690 1950 τοῦ
710 1888 848 1970 μεγάλου
865 1890 1091 1955 Ἰοοστινιονοῦ
1109 1892 1168 1952 τοῦ
1187 1888 1354 1971 βασιλέως,

261 1982 317 2047 καί
338 1986 369 2048 Γ
366 1983 506 2049 εννοὶδιον
523 1984 577 2051 τὸν
599 1986 777 2067 ω’νόμοισον.

276 2106 295 2143 e

373 2140 634 2252 annuamus
658 2188 685 2251 ο
705 2188 972 2253 exultamus
998 2183 1229 2273 ausaausa.

325 2357 464 2434 1Τοῦιος
483 2355 564 2442 ἔγινε
587 2364 711 2442 πρῶτος
733 2361 931 2446 πατριάρχης
952 2361 997 2436 εἰς
1012 2357 1068 2446 τήν
1090 2359 1351 2426 Κωνσταντινού-

332 2611 448 2679 Accepta
474 2611 555 2677 igitur
586 2611 635 2661 hac
654 2610 782 2662 facultate
800 2612 890 2662 clerici
917 2611 1094 2663 demandato
1115 2613 1184 2677 regis
1205 2627 1350 2677 congrega·
1437 2608 1438 2641 ἕ

264 2691 328 2732 runt
346 2691 433 2732 certos
452 2681 599 2750 quosdam,
628 2684 674 2752 qui
693 2684 722 2732 iu
740 2684 836 2732 vicinia
856 2690 947 2746 eraut,
966 2700 1098 2733 sacrorum
1118 2683 1260 2733 antistites.
1297 2681 1350 2732 hoc

262 2752 343 2804 modo
366 2751 468 2819 synodo
492 2761 583 2804 coacta
607 2755 748 2820 elegerunt
774 2771 825 2803 una
853 2763 943 2804 mente
967 2763 995 2803 et
1022 2770 1087 2803 voce
1114 2752 1295 2803 doctissimum
1321 2760 1349 2804 ct

262 2824 501 2893 prudentissimum
518 2825 613 2884 virum,
634 2825 778 2891 Georgium
790 2823 966 2886 scholarium,
983 2825 1029 2892 qui
1047 2832 1134 2874 stante
1155 2822 1242 2874 adlruc
1260 2823 1349 2891 impe·
1436 2828 1437 2867 ι

167 2935 172 2942 .
262 2896 303 2945 rio
322 2897 450 2956 Romano,
469 2896 497 2944 in
515 2893 614 2946 iudicio
632 2896 806 2962 imperatorio
833 2894 948 2945 iudicem
973 2903 1071 2960 egerat.
1107 2910 1137 2943 ac
1154 2909 1208 2963 quo
1227 2902 1348 2960 tempore

262 2982 307 3016 rex
327 2967 440 3016 loannes
459 2965 633 3032 Palaeologus
652 2968 681 3017 in
699 2967 805 3016 ltaliam
824 2967 958 3034 profectus
976 2967 1081 3027 fuerat,
1094 2964 1149 3014 »ubi
1171 2972 1263 3015 octava
1282 2980 1348 3029 syn-

261 3036 329 3087 odus
366 3036 437 3088 sacta
460 3037 528 3098 cst,
566 3054 655 3088 secum
684 3037 761 3086 illum
791 3038 862 3086 iuter
900 3037 967 3086 alios
999 3035 1112 3086 duxerat
1136 3044 1167 3086 ut
1195 3035 1348 3085 eruditione
1435 3064 1436 3069 =

260 3109 407 3177 praestanti
425 3107 584 3175 praeditum.
629 3117 686 3175 erat
703 3125 783 3176 porro
811 3107 882 3157 idem
900 3109 1002 3176 pietate
1020 3107 1216 3175 sanctitateque
1233 3106 1348 3172 insignis
1435 3104 1436 3115 ¹

261 3179 310 3228 vir.
348 3187 378 3228 ut
394 3187 484 3227 autem
504 3179 744 3244 significationem,
766 3179 835 3228 sicut
855 3179 882 3228 iu
902 3176 1111 3246 patriarcharum
1128 3177 1264 3226 creatione
1287 3177 1346 3226 lieri

263 3248 377 3308 solebat,
398 3249 545 3309 minorem,
565 3267 632 3316 quae
656 3251 824 3320 appellatur,
852 3251 893 3300 illi
912 3249 1066 3310 dederunt,
1085 3255 1115 3299 ut
1137 3248 1241 3298 scilicet
1259 3248 1346 3314 ipsum

262 3320 459 3370 constituerent
471 3318 656 3386 patriarcham,
677 3321 754 3371 nullo
777 3318 856 3372 morlo
877 3337 934 3369 eam
949 3319 1042 3368 audire
1063 3317 1150 3369 voluit
1167 3334 1217 3369 uec
1237 3320 1347 3386 acquie-

262 3405 336 3439 scere
354 3389 463 3438 illorum
483 3390 623 3454 suffragiis,
642 3397 672 3439 ut
689 3390 839 3457 patriarcha
859 3391 942 3441 tieret.
964 3388 1105 3458 pontifices
1125 3406 1189 3439 vcro
1210 3397 1238 3439 et
1256 3389 1347 3438 clerici

262 3467 290 3510 et
307 3460 424 3528 populus
444 3464 517 3510 totus
538 3461 618 3509 etiarn
637 3459 750 3526 invitum
769 3469 797 3511 ct
811 3462 986 3512 reluctantem
1004 3467 1137 3519 crearunt,
1157 3458 1218 3511 data
1237 3475 1347 3527 quoque

261 3531 354 3590 altera,
377 3546 446 3597 quae
471 3531 556 3580 maior
574 3539 697 3594 vocatur,
716 3548 781 3581 suae
803 3531 948 3582 voluntatis
975 3531 1181 3596 significatione.
1216 3530 1345 3580 ordinans

262 3601 426 3652 renuntiavit
454 3617 514 3651 eum
544 3602 689 3652 Heracleae
715 3604 845 3662 antistes,
872 3600 1068 3671 praesentibus.
1085 3601 1146 3651 aliis
1172 3600 1347 3668 pontificibus

261 3672 362 3734 multis,
380 3672 407 3721 iu
429 3673 530 3740 templo
550 3682 700 3724 sanctorum
721 3675 914 3749 apostolorum,
931 3671 1005 3742 quotl
1023 3672 1087 3723 olim
1108 3689 1124 3720 a
1143 3672 1234 3737 regina
1253 3670 1346 3721 Theo·

260 3741 336 3863 llm'
355 3742 494 3794 Iustiniani
526 3745 614 3812 magni
634 3745 762 3811 coniuge,
781 3744 918 3795 conditum
937 3745 1043 3810 luerat,
1071 3743 1153 3812 eique
1172 3742 1345 3793 Gennadium

280 3829 352 3864 mere
370 3830 479 3864 nomen.

311 3977 332 4027 1.
369 3974 583 4028 PATRIARCHA
603 3975 802 4028 GENNADlUS
815 3975 1039 4039 scuotautuS,
1057 3976 1099 4028 vir
1116 3973 1292 4026 doctissimus.

301 4105 302 4114 ¹
328 4110 379 4162 Hic
400 4110 454 4162 luit
476 4112 575 4181 primus
594 4111 707 4183 inturbe
735 4120 826 4164 nostra
845 4113 923 4183 Cpoli
947 4113 1104 4182 patriarcha,
1121 4121 1265 4184 postquam
1286 4112 1344 4164 eius
1431 4152 1433 4157 .
