2884 4775
423 228 426 236 ·
506 233 824 299 prmruucurcr.
1075 196 1077 203 ’
1128 234 1198 307 167

190 378 269 445 Τότε
293 381 337 457 ὥς
358 377 425 446 ἴδεν
445 382 461 446 ό
481 382 632 463 βασιλεύς
653 389 715 448 τῶν
730 381 900 464 Ῥιομαιίον
924 382 958 448 τό
983 390 1099 467 πλῆθος
1120 388 1202 455 tincti

100 482 261 564 ἐσκοτώθη
297 480 357 543 α’πό
391 478 466 555 τούς
494 485 685 562 α’νδριόπους
722 506 793 562 που,
829 482 974 567 ἐφοβήθη
1005 488 1116 567 μηπως
1146 492 1203 553 κατ’

99 578 240 660 ἐπάρουν
271 578 305 644 τό
340 578 472 663 κάστρον
500 585 554 643 κατ’
591 581 666 654 τούς
700 580 890 661 ἀνθρώπους
922 584 1196 668 άπεκεφαλόσονν·

99 682 156 741 κατ’
176 676 313 741 ἔστειλεν
340 678 402 741 α’πό
425 678 499 754 τούς
529 674 686 760 ἄρχοντας
715 685 773 743 τοῦ
800 685 955 744 παλατιόυ
988 684 1090 748 αύτοῦ
1121 688 1199 747 oino-

69 782 298 859 5κρισιαρδους
329 781 375 852 εἰς
405 779 460 842 τόν
490 778 662 842 σουλτάνον
689 803 770 859 μσς·
832 780 887 843 κατ’
916 780 970 844 τόν
1003 784 1200 867 ὲσροσκύνη-

98 900 159 938 σαν
186 874 230 949 ὡς
262 881 296 938 ἐκ
329 876 500 958 προσώπου
536 881 595 938 τοῦ
627 881 784 956 βασιλέως
816 880 941 955 αὐτῶν,
973 880 1027 943 διά
1064 880 1103 945 νά
1144 880 1201 945 κό-

97 996 182 1053 μουν
213 970 356 1056 άχάπην,
390 976 429 1038 νά
466 979 522 1038 τοῦ
556 974 642 1061 διόση
681 973 714 1038 τό
748 974 899 1059 κάστρον,
938 982 994 1040 κατ’
1030 981 1129 1042 αύτού
1157 978 1194 1045 νά

98 1074 155 1133 τού
181 1069 267 1156 δύσῃ
295 1073 492 1145 α’ναπαύσοις
523 1071 602 1150 μετά
633 1075 696 1137 coir
726 1072 891 1154 ἀρχόντων
921 1077 1036 1153 orituri,
1067 1078 1122 1140 uui
1141 1074 1197 1141 τόν

99 1168 178 1232 λαόν
197 1170 234 1232 νσὶ
261 1174 361 1252 μηδὲν
385 1174 611 1252 πρασιγχόσουν
639 1165 660 1253 ἢ
694 1172 732 1234 νά
767 1173 979 1251 κουρσεύσουν
1007 1171 1028 1257 ἢ
1061 1175 1099 1238 νά
1129 1180 1200 1257 εἰχ-

52 1272 316 1345 λθμαλωτόσσυν·
359 1269 424 1351 α’μη
450 1268 487 1331 νά
510 1268 584 1341 τούς
600 1270 702 1355 αἠόση
727 1272 771 1345 εἰς
791 1268 832 1333 τά
856 1270 992 1353 όσπητια
1017 1275 1135 1353 adroic,
1158 1273 1196 1338 νά

97 1373 284 1443 καθέζονται
304 1371 471 1451 εἰρηνικοί,
491 1371 591 1449 χωρίς
613 1372 732 1447 καμιάν
754 1372 918 1451 ἐχχαρείαν
939 1364 958 1451 ἢ
977 1365 1075 1434 άλλου
1098 1372 1200 1453 βάρου

98 1466 192 1539 τινός.
237 1472 291 1531 κατ’
312 1467 329 1529 ό
353 1465 521 1539 σουλτάνος
544 1467 587 1540 ὥς
606 1462 721 1548 ἤκουσε
750 1467 826 1541 τούς
847 1466 958 1548 λόχους
980 1468 1110 1545 τούτους
1134 1470 1196 1533 α’πό

99 1572 163 1629 τῶν
188 1568 440 1648 α’ποκρισιαρτάν
469 1566 511 1638 σός
543 1570 577 1628 ἐκ
609 1566 780 1646 προσώπου
801 1569 858 1629 τού
878 1573 1056 1647 βασιλέως,
1079 1572 1199 1652 ἐδέχθη

99 1664 216 1737 αύτούς
241 1665 338 1727 πολλὰ
369 1667 471 1736 καλῶς
499 1662 578 1743 μετά
612 1667 750 1746 μεχάλης
773 1668 896 1747 χαράς,
921 1667 975 1728 κατ’
994 1666 1127 1747 ὁρισμόν
1148 1670 1199 1747 ἐχ.

52 1775 87 1826 15
97 1761 229 1848 γράφως
249 1763 321 1835 τούς
346 1760 453 1841 ἔδωκε,
476 1763 531 1824 καί
553 1760 657 1843 ἔλεγεν
680 1760 789 1837 ούτως.
845 1761 905 1844 ἐγώ
928 1763 1080 1843 βασιλεύς
1103 1774 1202 1827 σουλ-

97 1866 157 1923 τάν
172 1862 362 1942 Μεχεμέτης
387 1860 440 1922 διά
462 1864 520 1923 τοῦ
535 1860 688 1942 παρόντος
709 1884 773 1940 μου
796 1860 958 1947 ἐγγράφου
980 1861 1116 1944 ὁρισμοῦ
1139 1863 1200 1925 κά-

97 1982 170 2038 μνω
190 1958 331 2041 ψυχικόν
355 1962 400 2031 εἰς
432 1958 484 2022 τόν
517 1965 669 2038 βασιλέαν
692 1964 749 2042 τῆς
775 1958 866 2032 πόλις
888 1964 1129 2023 Κωνστανιΐνσν
1144 1960 1200 2024 τόν

99 2054 326 2141 Παλαιολόχον
355 2058 410 2120 κατ’
437 2061 483 2131 εἰς
502 2057 577 2132 τούς
599 2052 756 2140 ἄρχοντας
782 2058 906 2138 αὐτοῦ,
934 2058 973 2121 νά
995 2056 1070 2133 τούς
1096 2059 1198 2140 δύσω,
1251 2121 1254 2127 ,

98 2151 168 2237 ἦτοι
192 2153 346 2237 ζητησουν
377 2154 455 2219 κατά
491 2157 613 2219 δίκαιον
634 2152 772 2238 τρόπον,
805 2154 841 2219 νά
869 2154 964 2238 ἔχουν
986 2154 1040 2219 διά
1062 2154 1099 2220 νά
1125 2159 1199 2233 ζούν

48 2254 317 2337 λθεόημορημένα
339 2250 382 2329 τός
402 2247 563 2336 ἄρχοντες,
584 2255 622 2317 νά
648 2253 743 2335 ἔχουν
775 2255 968 2329 ἀναπαύσεις
988 2256 1043 2318 κατ’
1064 2252 1199 2330 δούλους

94 2355 151 2416 κατ’
170 2350 305 2428 δούλας·
348 2353 404 2417 τόν
427 2357 462 2418 δὲ
483 2354 647 2418 ἐπίλοιπον
666 2352 742 2418 λαόν
774 2358 859 2424 θέλω
883 2348 930 2419 ότι
951 2354 991 2418 νά
1011 2350 1092 2418 εἶναι
1111 2354 1199 2434 ἕλεά·

93 2456 184 2532 θιροι
208 2451 270 2514 ἀπὸ
295 2457 401 2516 πᾶσαν
422 2456 573 2535 δγχαρίαν
600 2454 656 2517 κατ’
688 2453 788 2538 βάρος
806 2449 903 2529 τινός·
945 2459 1001 2518 καί
1023 2456 1098 2518 ποτὲ
1118 2477 1222 2516 παι-,

93 2545 149 2610 διά
173 2548 226 2612 διό
258 2551 288 2612 Γ
286 2548 470 2641 ενττζάρονς
496 2548 534 2614 νά
558 2550 604 2634 μὴ
625 2554 679 2614 δλν
698 2552 772 2626 τούς
794 2551 920 2636 ἑπάρω,
943 2546 1016 2617 σύτο
1038 2551 1099 2634 ἐγώ
1122 2547 1195 2616 σύτο

93 2644 123 2710 ot‘
144 2647 287 2730 διάδοχοι
319 2651 372 2732 τῆς
404 2654 569 2730 βασιλείας
588 2670 651 2729 μου
680 2655 754 2714 ποτὲ
775 2652 818 2737 τῷ
843 2655 963 2738 καιρῷ·
1006 2650 1071 2736 α’μὴ
1094 2650 1109 2714 o‘
1133 2675 1193 2714 na·

164 2875 242 2925 Tunc
253 2877 387 2926 Romanus
407 2876 564 2946 imperator,
581 2876 637 2926 vica
650 2884 726 2927 tanta
745 2893 852 2927 anorum
867 2875 953 2934 clade,
972 2875 1064 2926 timuit
1081 2892 1116 2926 ne
1130 2876 1192 2928 urbs

92 2961 205 3012 quoque
224 2954 367 3014 caperetur
387 2946 465 2997 etad
487 2943 656 2997 occidionem
677 2948 749 2997 cives
776 2947 997 3015 perducerentur.
1035 2947 1127 3014 itaque
1147 2947 1191 2996 ie·

91 3023 170 3080 gatos
198 3032 212 3064 e
232 3015 395 3084 primoribus
419 3017 513 3085 palatii
537 3017 578 3067 aui
601 3016 635 3066 ad
654 3034 743 3084 regern
761 3025 882 3067 nostrum
902 3015 993 3077 mitit,
1013 3015 1061 3084 qui
1080 3016 1190 3067 noniine

89 3086 262 3152 imperatoris
281 3087 321 3137 eui
342 3089 500 3156 suppliciter
519 3104 577 3137 cum
597 3103 630 3137 eo
643 3086 677 3137 de
694 3103 759 3155 pace
778 3093 898 3152 egerunt.
936 3085 1124 3153 imperatorem
1144 3102 1191 3134 nr-

90 3154 154 3205 bem
177 3155 348 3206 dediturum:
371 3156 447 3208 daret
464 3158 576 3207 invicem
597 3157 687 3206 remei
707 3166 735 3207 et
752 3157 845 3206 aulicis
865 3157 923 3206 eius
942 3163 1029 3206 tutum
1051 3163 1190 3222 receptum

89 3235 120 3276 et
141 3227 220 3276 vitam
250 3226 443 3294 tranquillam
473 3243 522 3277 nec
541 3227 711 3295 permitteret
736 3226 816 3276 militi
846 3227 948 3276 saevire
977 3226 1006 3276 in
1026 3225 1112 3292 cives.
1140 3242 1191 3276 nec

88 3295 165 3345 bona
187 3313 279 3347 eorum
300 3297 428 3364 diripere,
446 3314 497 3348 nec
517 3297 638 3365 captivos
666 3295 819 3347 abducere:
840 3296 887 3346 ced
910 3296 1031 3362 singulos
1048 3295 1076 3345 in
1099 3293 1189 3346 dotni-

89 3364 142 3416 bua
160 3367 340 3417 cummanere
361 3368 471 3430 sineret,
487 3367 559 3418 bona
578 3383 643 3435 pace
656 3366 786 3427 fruentes,
808 3367 895 3418 omnia
910 3365 1056 3417 coactionis
1074 3373 1102 3416 et
1117 3365 1189 3416 olio-

90 3453 150 3485 rum
169 3454 280 3487 onerum
298 3441 437 3489 immunea.
474 3437 513 3487 ibi
535 3437 668 3499 tultanus,
689 3436 783 3488 audita
801 3437 951 3504 legatorum
970 3437 1079 3487 nomine
1101 3435 1190 3503 impe·

89 3507 188 3556 ratoria
210 3508 341 3570 oratione,
361 3508 548 3558 condicionem
570 3508 783 3567 clementissime,
816 3523 913 3574 magno
934 3524 994 3558 curn
1014 3504 1122 3573 gaudio,
1141 3521 1190 3556 ac-

89 3577 174 3643 cepit,
192 3584 220 3626 et
239 3575 376 3627 decretum
395 3579 434 3628 eia
455 3577 497 3627 his
518 3577 606 3628 verbia
634 3585 794 3646 conceptum
816 3576 901 3628 dedit.
938 3592 989 3643 ego
1011 3592 1056 3625 rex
1078 3575 1188 3626 Meche·

87 3653 162 3695 meta
181 3646 232 3697 hoc
251 3664 311 3697 meo
329 3649 430 3715 acripto
448 3648 620 3698 clementiam
640 3656 667 3699 et
685 3649 796 3714 gratiam
814 3646 922 3697 declaro
942 3645 996 3714 regi
1016 3644 1090 3696 urbis
1113 3645 1188 3696 Con·
1243 3699 1246 3706 f

87 3717 210 3765 etantino
230 3717 390 3784 Palaeoiogo
419 3726 446 3768 et
475 3718 643 3786 principibus
673 3721 749 3779 etue,
769 3733 811 3767 me
833 3718 951 3784 ipsorum
978 3714 1127 3766 rationibus
1148 3716 1188 3765 ita

86 3787 257 3854 provisurum
279 3795 309 3836 ut
334 3789 372 3837 eie
395 3787 553 3856 praebeam,
571 3788 580 3836 i
601 3790 679 3856 rique
698 3789 756 3837 inre
774 3803 788 3835 a
807 3803 847 3836 me
868 3794 978 3854 petant,
1000 3786 1089 3836 omnia
1110 3801 1186 3834 com-

86 3854 169 3905 moda
189 3872 261 3924 quae
281 3855 314 3906 ad
335 3859 416 3907 vitam
437 3858 555 3908 feliciter
574 3806 723 3924 degendam
742 3857 809 3916 eibi,
829 3863 858 3906 ut
876 3856 1043 3924 principibus
1061 3855 1125 3905 viria
1143 3853 1187 3904 di-

85 3941 170 3992 gnnm
183 3933 233 3986 ert,
245 3926 407 3987 conducant,
419 3935 449 3978 ut
464 3927 583 3978 habeant
593 3927 739 3990 domicilia,
752 3927 832 3976 ritem
847 3926 974 3996 quietam,
985 3941 1073 3976 servos
1086 3931 1114 3974 et
1124 3939 1182 3974 oer-

83 4012 142 4045 var.
157 3995 232 4064 qood
245 3996 279 4046 ad
293 3997 427 4067 reliquum
439 3998 569 4068 populum
578 4005 692 4065 epectct3
702 3997 765 4048 volo
782 4003 812 4046 ut
822 3996 899 4046 omni
913 3997 1054 4047 exactione
1065 4001 1092 4045 et
1101 4007 1184 4044 onere
1237 3993 1243 4002 '

84 4065 170 4116 soluti
190 4065 327 4137 liberique
345 4068 416 4134 τίσις
435 4066 578 4137 nequeat>
598 4069 636 4119 eit
654 4067 726 4120 iiiior
746 4067 775 4118 iu
792 4067 973 4118 Ianizarorum
992 4063 1114 4117 ordinem
1133 4061 1182 4112 ab·
