2884 4775
444 202 794 345 [remuneraret.
943 240 946 257 ¹
1112 240 1182 307 ιιι,

250 466 254 480 Ι
316 388 523 452 ΡΑΦΑΗΛ
545 386 753 472 όερομόναχος
782 345 804 453 ό.
820 392 947 473 Σέρβος.

163 537 336 603 Ἐλθόντων
356 542 392 603 δὲ
405 545 544 623 μερικῶν
565 543 741 627 ἀρχιερέων
761 542 842 623 μετοὶ
857 548 1026 625 βασιλικοῦ
1048 542 1184 627 ὁρισμοῦ

88 644 132 716 εἰς
152 641 210 723 την
238 640 378 723 μεγάλην
402 642 568 722 ἐκκλησίαν
598 641 652 705 διό
676 642 715 706 νῦ
740 643 863 723 κὰμουν
884 643 938 708 τόν
953 640 1101 729 Ῥαφαηλ
1122 670 1186 706 τια-

87 736 258 821 τριόρχην,
279 738 333 802 καί
360 738 404 812 οῦς
428 730 518 821 ἦλθε,
538 736 659 818 ἔκαμον
681 740 758 815 τούς
776 742 984 827 ψηφουςκαί
1005 745 1061 821 τὴν
1080 766 1187 826 χειρο.

64 836 353 914 ὅτονιάνστανικός
389 860 470 911 τους.
522 837 576 900 καί
597 832 820 922 ἐχειροτονήθη
853 837 916 902 dud
942 842 1000 902 τοῦ
1019 837 1187 922 Ἀγκύρας,

87 929 134 997 ότι
155 931 395 1017 όἩρακλοίας,
415 932 490 1018 πρὶν
504 937 579 1018 περὶ
598 935 638 999 νῦ
660 941 808 1024 συναχθῇ
830 938 848 1021 ἦ
867 938 1008 1016 σύνοδος,
1028 937 1062 1000 τό
1086 936 1186 1018 ἔμαθε

86 1035 141 1097 κατ’
160 1032 259 1115 ἔμμεν
270 1035 415 1118 ἀσθενής,
436 1029 492 1098 κατ’
507 1030 524 1096 ό
540 1037 740 1118 Καισαρείας
761 1036 816 1099 κατ’
835 1032 851 1098 ό
867 1039 997 1121 Ἐφέσου
1018 1034 1112 1117 ἔτυχε
1133 1036 1192 1110 καί·

88 1135 141 1196 δὲν
162 1126 260 1215 η’λθα.
304 1132 358 1196 καί
378 1132 422 1210 οἷς
442 1130 497 1197 τόν
533 1131 786 1216 ἐχειροτόνησαν,
809 1132 865 1198 τόν
886 1129 1045 1215 ἇνέβασαν
1067 1136 1111 1208 εἰς
1132 1136 1187 1197 τόν

88 1229 319 1314 πατριαρχικόν
338 1231 452 1315 θρόνον
474 1232 518 1306 οῦς
540 1230 755 1313 πατριάρχην.
804 1226 925 1313 ἔκαμον
946 1228 982 1294 ιῦὲ
1007 1236 1089 1306 τινὲς
1109 1229 1186 1295 ord.

50 1339 138 1393 1οσιν
160 1324 210 1392 ότι
243 1327 281 1392 νῦ
302 1325 735 1413 μηδὲνσυλλειτουργησυυν
764 1336 834 1410 μετ’
864 1330 985 1394 αύτοῦ·
1034 1324 1101 1413 α’μη
1122 1328 1185 1392 αἰιό

87 1426 141 1490 τόν
164 1428 265 1512 φόβον
292 1450 366 1503 τους
392 1428 448 1491 κατ’
467 1428 610 1502 στανικός
643 1451 715 1503 τους
747 1431 1065 1512 ἑσυλλειτούργησαν.
1114 1423 1187 1510 ἦτον

88 1528 123 1589 di
144 1525 237 1611 φιλας
257 1529 311 1612 τῆς
328 1532 430 1611 μέθης
444 1528 544 1591 πολλὰ
561 1529 616 1590 καιΙ
635 1536 689 1609 τῆς
705 1530 873 1610 τραπέζης·
894 1527 949 1590 καί
967 1530 1041 1591 καθ’
1056 1524 1186 1609 η’μὲραν,

87 1620 163 1687 όλου
190 1626 249 1687 τοῦ
270 1627 389 1708 χρόνου
412 1627 470 1700 τὰς
489 1628 621 1709 ἡμέρας,
643 1620 698 1690 ἶσα
720 1634 790 1699 ταῖς
812 1626 959 1709 ῦιτηγενε,
980 1628 1070 1689 τόσον
1090 1625 1187 1689 νύκτα

86 1720 176 1786 dode
197 1722 252 1787 aad
271 1724 387 1806 ἡμέρα,
411 1725 467 1788 καί
486 1718 560 1788 orire
581 1720 671 1805 ῦόρες,
695 1719 769 1787 aifre
790 1722 953 1809 ἑσπερινόν
967 1719 1038 1789 orire
1060 1716 1188 1807 όρθρον,

46 1833 77 1883 15
87 1820 183 1894 αύτός
197 1825 269 1885 τιοτὲ
283 1825 337 1893 dir
348 1816 455 1885 ἄκουε.
488 1825 544 1885 κατ’
563 1819 658 1885 ότιότε
679 1815 775 1905 ἤθελε
793 1820 848 1884 τόν
862 1824 1002 1907 ἐγυρὲψη
1024 1820 1112 1895 τινός
1135 1819 1188 1883 did

85 1921 199 2000 χρειάν
221 1916 291 1983 τινὰ
308 1916 530 2003 ’πνευματικήν
551 1914 573 2002 ἢ
598 1920 651 1983 διὰ
673 1920 793 2002 κρίσιν,
817 1920 950 1982 πάντοτε
972 1916 1115 2001 νηστικός
1136 1922 1190 1981 ὀὲν
1283 1955 1286 1960 ·

85 2008 168 2099 ἦτον,
189 2016 287 2095 μόνον
306 2021 517 2097 μεθυσμένος.
569 2020 625 2080 κατ’
645 2011 685 2080 όν
705 2011 811 2080 θέλετε
832 2014 871 2079 ναὶ
900 2020 1066 2095 αιοτὲψετε
1088 2019 1188 2097 τοῦτο,

84 2118 123 2201 τῇ
147 2119 264 2201 φρικτῇ
287 2114 389 2203 ἧμέρρτ
412 2120 468 2198 τῆς
490 2115 628 2199 μεγάλης
648 2120 853 2199 παρασκευῆς
874 2118 918 2189 εἰς
942 2115 998 2196 την
1029 2116 1186 2197 α’γρυανιά

83 2216 148 2277 ταῖν
169 2213 266 2296 ἁγίων
287 2219 399 2278 παθῶν
421 2220 477 2279 τοῦ
497 2217 610 2298 κυριόυ
634 2214 725 2297 ἡμῶν
742 2215 846 2296 Ἰησοῦ
866 2217 1013 2297 Χριστοῦ
1034 2207 1106 2294 ἦτον
1127 2235 1186 2292 με.

24 2315 267 2396 coronatore,
299 2315 355 2376 κατ’
380 2310 503 2377 dinem
531 2314 577 2388 εἰς
601 2311 655 2377 τόν
683 2311 896 2396 θρόνον,καί
917 2311 979 2375 αἰιό
1005 2310 1062 2395 την
1083 2315 1186 2396 μέθην

159 2471 202 2594 ἔα.
224 2469 294 2556 diosc
305 2471 364 2538 leae,
374 2473 412 2524 ait
424 2472 587 2537 Theodosius,
607 2481 666 2524 sunt
677 2476 775 2543 καιροὶ
793 2470 838 2527 ὅτε
852 2470 971 2543 ᾄδουσιν
982 2460 1093 2532 ἐτναόν
1106 2475 1185 2528 θεοῦ.

181 2561 278 2595 rusius.

271 2670 344 2724 Vlll.
381 2669 411 2720 Ρ.
431 2668 611 2721 RHAPHAEL
630 2666 858 2721 hieromonachus
878 2668 995 2721 Servius.

154 2795 250 2847 Edicto
271 2795 343 2863 regio
359 2802 544 2847 convenerunt
561 2795 688 2846 nonnulli
706 2795 859 2845 sacerdotes
877 2794 997 2864 primarii
1017 2794 1045 2844 in
1063 2811 1184 2860 magnam

85 2866 231 2917 ecclesiam
251 2865 285 2916 ad
312 2865 463 2916 laciendum
483 2865 662 2934 patriarcham
687 2865 878 2934 Rhaphaelem.
916 2866 961 2932 qni
981 2880 1040 2913 cunr
1060 2866 1184 2928 venisset,

84 2937 213 3003 sutfragia
234 2945 261 2987 et
282 2934 496 3002 designationem
515 2939 630 3002 aggressi
651 2944 714 2986 sunt
733 2946 839 3003 praeter
857 2923 1024 2984 voluntatem
1043 2951 1117 2982 suam
1136 2952 1182 2984 or-

85 3008 198 3058 dinatus
218 3007 311 3075 itaque
332 3007 366 3055 ab
384 3010 521 3072 Ancyrano
542 3014 594 3067 est,
614 3008 677 3075 quia
696 3005 893 3064 Heracleensis,
913 3011 976 3053 ante
995 3005 1183 3069 congregatio·

83 3095 150 3128 nem
169 3076 265 3143 synodi
284 3076 335 3126 hoc
353 3077 506 3137 resciscens,
523 3075 660 3141 aegrotare
680 3075 776 3142 coepit.
812 3072 911 3123 accidit
930 3089 1040 3142 quoqne
1061 3081 1090 3122 ut
1112 3073 1183 3123 Cae-

84 3148 215 3197 sariensis
236 3155 274 3216 et.
283 3146 413 3214 Ephesius
431 3163 487 3197 uon
506 3147 639 3198 venirent.
677 3152 785 3212 peracta
804 3142 976 3193 ordinatione
995 3141 1184 3195 subduxerunt
1241 3177 1251 3187 -

82 3217 224 3268 hominem
237 3216 265 3265 in
285 3216 490 3284 patriarchicum
508 3224 660 3282 suggestum
681 3225 709 3264 nt
731 3212 917 3280 patriarcham.
953 3214 1018 3262 certi
1038 3228 1100 3264 vero
1119 3216 1183 3282 qui.

83 3287 150 3337 dam
170 3286 331 3337 seditionem
352 3287 483 3346 fecerunt,
503 3302 537 3335 ne
551 3301 611 3334 cnm
633 3285 691 3352 ipso
708 3285 830 3349 liturgias
847 3283 977 3333 l'acerent:
997 3291 1070 3332 metu
1091 3292 1182 3334 tamen

82 3356 207 3426 perculsi
239 3357 282 3408 vel
315 3357 394 3407 inviti
413 3373 466 3405 una
493 3356 573 3406 sacris
592 3355 695 3423 operati
716 3362 788 3404 sunt.
836 3361 893 3403 erat
911 3369 989 3420 porro
1009 3352 1134 3404 ebrietati
1154 3362 1182 3405 et

83 3427 216 3494 crapulae
234 3427 347 3477 multum
368 3426 490 3476 deditus:
518 3426 571 3475 imo
593 3423 716 3494 quotidie
745 3432 900 3492 perlatum
922 3423 985 3473 anni
1008 3422 1100 3473 orbern
1121 3422 1182 3473 hel·
1240 3471 1242 3478 ⁴

83 3496 191 3548 luando
211 3495 269 3545 dies
289 3507 316 3546 et
334 3505 427 3547 noctes
447 3494 599 3545 huiusmodi
613 3511 716 3544 morum
732 3494 912 3544 dissolutione
932 3491 1097 3555 traducebat,
1117 3497 1181 3544 nul-

82 3569 126 3618 las
146 3567 291 3616 canonicas
309 3566 398 3628 horas,
420 3582 470 3616 nec
490 3566 655 3632 vespertinas
672 3581 723 3614 nec
742 3565 895 3623 matutinas,
916 3563 973 3631 ipse
992 3579 1111 3631 uuquam
1131 3582 1181 3614 an-
1193 3567 1203 3578 “

83 3637 175 3687 diens.
214 3637 429 3705 quotiescunque
447 3636 555 3704 aliquis.
574 3644 621 3686 aut
639 3644 752 3703 propter
777 3634 964 3683 necessitatem
982 3641 1010 3683 et
1030 3650 1105 3682 usum
1126 3637 1184 3703 spi-

83 3709 195 3758 ritalem
212 3714 260 3758 aut
277 3716 387 3774 propter
407 3708 449 3757 ius
461 3703 613 3767 dicendum,
635 3708 721 3773 ipsum
741 3702 899 3772 quaerebat,
920 3719 1057 3771 nunquam
1077 3704 1182 3756 sobrius

83 3787 147 3828 erat
166 3775 215 3826 sed
234 3792 341 3844 semper
360 3776 458 3826 ebrius.
496 3775 570 3844 quod
590 3784 620 3825 ut
639 3776 722 3840 magis
736 3773 868 3833 credatur,
890 3773 932 3821 aio
950 3773 1008 3840 ipso
1028 3776 1182 3825 venerando

81 3862 202 3913 magnae
220 3847 377 3897 Parascenes
396 3846 451 3908 die,
470 3845 580 3915 quando
598 3845 782 3898 sanctissimae
795 3843 929 3912 passionis
974 3842 1077 3893 domini
1097 3846 1184 3898 nostri

82 3921 148 3970 lesu
159 3917 260 3987 Christi
276 3915 446 3968 meditationi
463 3915 658 3982 invigilandum
674 3922 739 3975 erat,
758 3915 844 3980 ipsum
858 3914 920 3962 vino
936 3912 1074 3980 oppletum
1091 3914 1183 3965 luisse.

82 3990 198 4039 stetisse
211 3986 320 4056 quidem
333 3988 361 4038 in
371 3987 480 4047 throno,
500 4003 590 4036 verum
605 4001 667 4054 prae
677 3984 808 4034 ebrietate
822 3983 967 4033 consistere
985 3999 1040 4034 non
1051 3987 1181 4051 potuisse,

76 4057 137 4110 sed
159 4057 194 4107 de
212 4074 293 4106 manu
313 4058 370 4107 eius
388 4066 522 4127 sceptrum
547 4072 651 4108 sacrum
675 4054 814 4106 cecidisse.
857 4052 987 4103 idhumo
1009 4052 1118 4121 quidam
1136 4073 1182 4107 su·

150 4166 218 4218 Ηεα.
233 4174 305 4235 patr.
326 4165 377 4217 GP.
687 4229 693 4234 ,
764 4149 768 4154 ’
866 4173 889 4218 e
979 4161 1026 4211 8·

218 4399 237 4454 l
