2884 4775
484 260 805 357 paruissemus.
1115 258 1185 327 rao

89 410 252 495 σεντοόκη·
275 412 329 474 κατ’
346 404 414 475 door
437 404 516 492 ἦσαν
533 413 602 475 ἐκεῖ
620 414 770 491 eupatori
790 410 980 489 σεντουκίοο,
999 400 1115 473 ἄκουον
1133 407 1187 474 τόν

89 510 227 588 ἔκτυπον,
247 511 329 571 διτοῦ
344 509 480 591 ἐχώριζε
496 507 630 573 τόιιοιλον
645 507 708 573 uiuri
729 508 763 573 τό
786 508 925 571 ιιόκαλυν.
961 508 1015 570 καί
1035 508 1185 591 ε’διελόθη

89 606 269 673 ὅλονὲκεῖνυ
285 608 321 672 τό
334 605 446 690 κορμη,
462 607 519 671 κατ’
537 607 663 683 τελείοις
680 604 841 691 ἐχώρισαν
858 602 947 680 όλαις
959 603 991 669 αἱ
1008 606 1196 690 ripuariam,

88 711 141 769 κατ’
159 704 372 789 ε’συγχωρήθη
384 703 416 769 τό
434 705 634 788 ταλαίπωρον
654 710 754 771 ἐκεῖνο
771 708 881 787 ιιορμῆ,
904 702 984 767 tuot
997 702 1185 787 εἰιατηγόρη.

62 816 140 869 5σεν
161 806 278 879 α’δύιως
290 801 344 869 τόν
360 802 551 885 ἡγιασμένον
563 805 757 887 τιαριόρχην.
780 803 836 867 καί
858 804 895 867 οδ
914 801 1010 883 μόνον
1029 799 1063 865 τό
1082 801 1182 883 κορμή

87 903 183 986 αὐτῆς
196 903 407 986 όσυγχοορηθη
419 901 474 966 καὶ
487 904 659 987 ἑδιαλόθη·
682 901 749 987 α’μῆ
766 904 822 967 καί
833 902 852 985 ἡ
864 898 957 984 ψοχη
979 901 1078 985 αότης
1092 904 1184 965 ἐλεν-
1195 910 1245 963 136

86 1005 215 1083 depos-97
236 999 298 1063 duri
320 998 377 1083 την
397 997 527 1065 κόλασιν
548 1000 603 1064 καί
622 1004 761 1083 α’τιέλαβε
790 1002 845 1065 τόν
869 998 1076 1081 παράδεισον,
1103 996 1185 1064 διότι

85 1102 192 1163 τοῦτου
212 1096 296 1161 cinari
317 1098 518 1180 εόρόσκονται
541 1100 771 1184 ιῖφωρισμὲνοι,
794 1094 891 1184 ἤγουν
911 1092 1013 1162 ἄλυτα
1032 1103 1089 1163 καί
1108 1101 1184 1163 α’κέ-

87 1221 163 1279 ρατα
183 1197 221 1260 τοὶ
252 1200 367 1279 κορμία
391 1197 516 1280 αότών,
550 1202 645 1262 adrui
677 1202 805 1264 δέονται
828 1199 1031 1283 συγχώρησιν
1065 1197 1120 1261 διὰ
1143 1197 1182 1261 να“

43 1298 327 1379 ιοέλεοθιρωθοιῖν
356 1296 426 1359 ant
446 1294 509 1382 τόν
531 1295 650 1377 δεσμόν
671 1300 729 1361 τοῦ
748 1298 951 1383 α’φορισμοῦ,
972 1296 1054 1365 διότι
1075 1294 1184 1371 καθώς

86 1391 267 1475 εόρίσκεται
288 1393 326 1456 τὰ
350 1397 452 1477 κορμῆ
475 1386 642 1475 δεδεμένον
659 1395 715 1460 κατ’
733 1387 847 1459 siluros
867 1398 914 1469 εἰς
932 1392 1065 1476 τηνγῆν,
1085 1388 1182 1467 adame
1249 1468 1251 1470 ¹

85 1488 154 1554 ἕναι
177 1495 234 1556 tui
252 1493 270 1574 ἦ
290 1492 383 1576 ψυχή
401 1494 551 1579 δεδεμένη
571 1496 628 1560 κατ’
646 1500 825 1576 κολασμὲνη
845 1496 890 1567 εἷς
910 1502 1021 1576 χεῖρας
1042 1494 1100 1558 τοῦ
1112 1495 1182 1557 δια·
1269 1492 1274 1499 ’

84 1586 199 1669 βόλον·
241 1595 296 1655 καί
317 1588 394 1655 όταν
423 1588 505 1677 λώβη
528 1592 563 1655 τό
587 1598 690 1677 coppi)
711 1591 914 1677 συγχώρησιν
936 1589 991 1655 καί
1012 1595 1097 1679 λυθῇ
1117 1592 1180 1654 uiuri

85 1688 141 1752 τόν
160 1689 351 1775 σλφορισμόν,
372 1690 450 1754 θεοῦ
475 1688 612 1773 δυνόμιι
634 1697 863 1773 ἐλευθεροῦται
889 1692 943 1754 κατ’
964 1686 983 1775 ἦ
1004 1687 1095 1772 pom*
1119 1685 1180 1753 μ’τιδ

41 1789 139 1861 15τοὶς
156 1797 269 1871 χεῖρας
288 1793 345 1853 τοῦ
364 1789 526 1871 διαβόλου,
549 1792 604 1853 καὶ
623 1788 778 1871 λαμβάνει
799 1786 883 1870 ζωην
902 1788 958 1871 τὴν
980 1786 1107 1853 αἰώνιον
1129 1789 1185 1850 κατ’

82 1884 118 1949 τό
142 1889 212 1970 φώς
234 1885 270 1950 τό
294 1888 476 1968 οἷνὲσαερον.
526 1883 613 1969 όμισς
634 1893 743 1953 τοῦτον
775 1883 854 1950 inci
875 1884 1004 1951 ἔστεκαν
1027 1877 1108 1967 σιμᾶ
1127 1888 1184 1949 τοῦ

82 1990 277 2066 σεντοοιαόυ,
299 1983 377 2069 ότιερ
402 1980 478 2068 η’τον
507 1986 524 2070 ἢ
561 1990 771 2075 ἀφωρισμένη
791 1990 896 2067 μέσα,
918 1984 960 2059 ώς
982 1977 1120 2069 ἤκουσαν
1142 1984 1177 2049 τό

83 2080 224 2167 φοβερόν
243 2088 359 2163 θαῦμα
375 2084 483 2167 ἐκεῖνο,
505 2087 588 2150 όσοῦ
610 2075 810 2163 ε’κτυτιοόσαν
830 2083 867 2148 τό
885 2083 1003 2147 κόκαλα
1024 2087 1079 2146 κατ’
1099 2083 1181 2167 ε’χώ.

82 2186 177 2273 ριζαν
205 2180 261 2247 ἕνα
293 2180 357 2247 aiud
384 2185 418 2248 τό
441 2180 530 2266 ἄλλο,
554 2170 697 2271 μεγόλόος
719 2184 926 2265 ἐθαύμασαν,
956 2185 1011 2247 κατ’
1032 2181 1086 2247 τόν
1107 2182 1181 2247 θεὸν

36 2278 164 2361 uouere*
198 2280 348 2363 δακρόοον
379 2286 620 2367 ηόχαρίστησαν
644 2282 698 2348 τόν
731 2286 882 2345 ποιοῦντα
906 2282 1028 2359 ἐξαίσια
1051 2282 1107 2344 καί
1123 2304 1180 2360 με.

81 2377 165 2463 γόλα
192 2380 356 2463 θαύματα.
406 2380 517 2448 λοιιιόν
547 2380 634 2448 ώσόν
655 2381 824 2466 ἐτελειώθη
852 2380 1088 2465 ἢλειτοοργιίι,
1110 2377 1182 2464 ε’σὴ-

82 2479 247 2547 unsarai
269 2483 420 2567 σειτοόκη
441 2484 483 2564 μὲ
504 2481 539 2547 τό
563 2485 724 2564 teritorum,
744 2483 800 2546 καί
821 2482 854 2545 τό
876 2480 995 2564 ἔβαλαν
1017 2483 1086 2546 ἐκεῖ
1102 2480 1181 2544 inuri

84 2765 175 2814 anima
198 2763 278 2814 etiam
296 2764 446 2822 inferorum
468 2765 630 2816 cruciatibus
652 2765 767 2816 liberata
791 2765 819 2815 in
848 2761 1000 2830 paradisum
1019 2760 1103 2815 venit.
1140 2762 1182 2813 illi

83 2851 203 2902 iramque
222 2836 269 2901 qui
288 2835 459 2886 anathemato
477 2837 595 2903 percussi
610 2834 644 2884 ab
665 2836 778 2885 ecclesia
798 2837 917 2895 exulant,
935 2851 994 2882 cum
1013 2849 1104 2889 eorum
1123 2848 1182 2882 cor-

83 2921 151 2971 pora
172 2913 299 2955 maneant
328 2905 489 2955 indissoluta
518 2913 546 2954 et
570 2906 692 2970 integra,
719 2905 843 2970 indigent
871 2905 975 2952 animae
999 2900 1182 2961 absolutione,

83 2988 201 3041 eamque
222 2982 362 3041 expetunt,
384 2982 413 3024 ut
432 2974 584 3024 liberentur
600 2975 710 3024 vinculo
726 2973 907 3039 relegationis.
928 2987 988 3020 narn
1005 2969 1183 3038 quemadmo-

83 3042 149 3092 dum
171 3059 283 3111 corpora
305 3060 396 3093 eorum
416 3044 503 3094 vincta
524 3051 587 3093 sunt
605 3059 687 3093 neca
709 3051 778 3093 terra
798 3049 1000 3116 consumuntur,
1019 3040 1057 3088 sic
1076 3039 1182 3089 animae

83 3129 197 3181 quoque
223 3113 342 3180 ipsorum
362 3115 467 3162 vinctae
490 3112 613 3162 munibus
641 3111 745 3162 diaboli
765 3129 796 3162 ac
812 3112 905 3178 poenis
924 3109 1065 3167 obnoxiae,
1084 3116 1182 3158 teuen-

83 3190 139 3231 tur.
177 3181 286 3249 quaudo
305 3191 394 3233 antam
415 3200 511 3250 corpus
528 3183 633 3232 veniam
655 3183 762 3248 accipit,
781 3180 958 3231 execrationis
977 3179 1085 3228 vinculo
1104 3178 1182 3228 solu-

83 3259 160 3311 tum,
182 3251 234 3301 deo
263 3252 333 3302 bene
351 3253 461 3302 iuvante
480 3253 560 3302 etiam
583 3252 671 3301 anima
696 3250 730 3299 de
750 3250 873 3300 manibus
894 3247 996 3298 diaboli
1018 3247 1103 3297 libera
1119 3247 1183 3306 enit,

86 3329 116 3370 et
139 3323 222 3370 vitam
234 3329 370 3372 aeternam
391 3324 532 3390 lucemque
547 3320 621 3370 illam
634 3335 759 3386 vesperae
780 3328 927 3386 expertem,
947 3318 1113 3386 adipiscitur.
1135 3313 1183 3366 sed

81 3389 117 3438 ad
137 3389 276 3440 historiam
295 3401 413 3442 nostram
432 3400 559 3441 revertor.
596 3390 637 3439 illi
658 3391 711 3457 qui
726 3397 791 3439 tunc
808 3405 884 3439 arcae
904 3389 979 3440 illam
999 3387 1182 3437 excummuni-

81 3461 221 3523 cationera
250 3461 400 3511 continenti
419 3461 562 3517 astabant,
592 3459 686 3509 audito
706 3459 755 3509 illo
776 3457 915 3510 tremendo
934 3458 1061 3508 miraculo
1080 3456 1179 3507 ossium
1250 3518 1257 3525 ἢ

82 3531 255 3595 scopantium
289 3539 318 3581 et
344 3532 416 3580 inter
438 3547 466 3580 sc
493 3531 647 3595 singulatim
665 3525 869 3590 recedentium,
889 3543 984 3594 magna
1002 3525 1180 3576 admiratione
1206 3557 1208 3562 -

83 3601 178 3648 atl'ecti
199 3606 271 3657 srrnt,
289 3617 321 3650 ac
339 3602 390 3650 deo
412 3617 472 3650 cum
494 3601 609 3650 lacrimis
629 3599 726 3666 gratias
747 3607 861 3664 egerunt
879 3598 989 3647 facienti
1008 3595 1131 3662 ingentia
1152 3604 1179 3645 et

81 3667 220 3740 stupenda
239 3669 376 3719 miracula.
415 3669 513 3720 deinde
532 3677 638 3736 peracta
656 3669 763 3735 liturgia
782 3684 868 3717 arcam
895 3683 955 3717 cum
974 3665 1105 3716 cadavere
1126 3667 1180 3722 tot·
1229 3673 1230 3678 ’

81 3737 174 3787 lentes
194 3747 373 3806 reposuerunt
389 3740 418 3789 in
437 3738 542 3801 eodem,
562 3739 608 3788 ubi
626 3747 705 3788 antea
720 3739 818 3798 iuerat,
833 3737 943 3798 sacello,
963 3731 1047 3804 idquo
1062 3735 1096 3784 de
1119 3751 1181 3784 sen-

82 3808 172 3857 tentia
193 3816 221 3857 et
247 3807 374 3859 mandato
403 3809 556 3876 principum
581 3826 595 3857 a
628 3809 735 3858 sultano
763 3808 903 3856 missorum
925 3805 999 3874 quod
1026 3821 1084 3855 cum
1108 3806 1180 3852 intus

82 3875 288 3943 deposuissent,
309 3878 464 3928 clauserunt
481 3879 551 3928 fores
570 3887 598 3928 et
611 3878 777 3934 obserarunt,
797 3877 970 3942 sigillumque
984 3875 1052 3942 regis
1067 3875 1180 3940 impres-

81 3947 231 4005 serunt,ei
253 3949 290 3998 rei
310 3963 417 3997 causam
436 3947 516 3998 dante
536 3948 677 3999 innumera
698 3947 791 4013 populi
811 3945 997 3996 rnrrltitudine.
1035 3943 1098 3995 iudo
1119 3949 1180 4010 prist
1256 3969 1258 3974 ·

81 4013 145 4064 dies
164 4015 273 4083 aliquot
307 4025 478 4066 removerunt
503 4016 606 4081 signum
628 4034 682 4083 quo
708 4017 851 4076 sacellum,
873 4015 971 4065 deiude
993 4014 1107 4064 alterum
1127 4029 1181 4092 quo

80 4100 146 4140 arca
165 4084 335 4158 obsignatum
364 4094 435 4149 erat,
456 4093 485 4142 et
504 4101 590 4147 seram
609 4087 683 4137 clave
710 4092 890 4158 aperueruut,
909 4083 1018 4159 quando
1038 4097 1139 4159 corpus·
1152 4097 1180 4138 ιιι
