2884 4775
230 255 293 357 ¹ta
325 266 353 331 .·
690 262 885 329 aaronis

243 415 276 480 ἐκ
296 416 357 479 τῶν
377 400 545 498 γεγονότων
558 415 749 497 Ἀγαρηνυῖν,
771 413 826 474 καί
846 407 908 491 pirri
929 411 990 471 τάν
1013 405 1111 491 ἐκτός,
1132 404 1273 490 ἐχθρούς
1295 410 1331 473 tt

240 516 359 595 μόνους
387 514 466 593 τούς
490 512 679 595 κληρικούς,
711 504 762 574 ὅτι
792 503 931 593 ἥκουσαν
952 503 996 581 ὥς
1017 504 1171 588 intulero
1196 508 1331 590 δοθῆναι

241 616 285 699 τῷ
304 616 436 694 βασιλεῖ
463 614 588 697 φλυαρία
609 613 697 691 χιλια
720 607 817 691 χάριν
845 610 901 672 τού
921 611 1186 689 πατριαρχεύσαι.
1230 601 1332 680 ούτισς

241 705 297 775 οὖν
330 715 363 782 ἐν
391 710 554 795 οκανδάλῳ
589 701 687 772 ὄντων
704 712 914 799 ,συνήχθησαν
943 706 972 771 oi
996 704 1253 786 Τραπεζούντιοι,
1276 706 1332 769 καί

240 812 428 887 συνάξοντας
441 811 566 893 φλωριά
583 812 674 890 χιλια
694 804 842 887 ἔπεμψαν
856 810 897 893 τῷ
917 810 1050 888 βασιλεῖ,
1067 800 1255 883 ἀξιώσαντες
1276 806 1356 873 ivus

173 930 177 934 ’
239 909 353 995 ποιήσῃ
377 905 413 971 δν
433 908 602 989 βούλονται
624 905 832 989 πατριάρχην.
888 902 995 986 λαβών
1016 906 1050 967 δὲ
1071 909 1174 967 ταῦτα
1196 902 1212 967 ὅ
1233 912 1330 985 βασι-

238 1005 321 1087 λεύς,
342 1012 397 1072 καί
414 1004 585 1089 καταγνούς
607 1004 665 1089 τήν
686 1007 846 1087 α’γνιοοίαν
874 1004 988 1083 αὐτῶν,
1010 997 1077 1067 εἷπε
1100 1001 1272 1086 “ποιη’σατε
1293 1002 1330 1067 ὃν

237 1110 346 1171 θέλετε
366 1106 575 1191 πατριάρχην,
596 1106 738 1169 ἐπεῖναί
757 1104 931 1168 σκάνδαλον
954 1101 1043 1185 ἔχετε
1063 1102 1143 1183 μετά
1166 1109 1223 1167 τού
1242 1110 1331 1169 νύν.”

237 1194 420 1288 ἐκβαλόντες
451 1198 507 1271 eda
538 1205 592 1270 τὸν
623 1204 733 1288 κύριον
761 1204 900 1286 Μάρκον
927 1210 1101 1290 λῃστρικαῖς
1135 1200 1328 1287 ἐνεβίβασαν

235 1304 292 1371 τὸν
315 1310 470 1386 Συμεῶνα
493 1303 549 1370 τὸν
567 1300 826 1385 Τραπεζούντιον.
870 1302 886 1365 ri
910 1306 945 1366 δὲ
971 1302 1113 1384 Μάρκος,
1131 1301 1176 1388 μή
1195 1302 1279 1386 ἔχων
1297 1331 1324 1369 τι
1338 1320 1372 1371 tt)

235 1406 291 1469 καί
311 1406 441 1489 ποιῆσαι
469 1396 540 1468 arira
573 1402 661 1486 παρά
681 1424 765 1477 τινος
787 1398 1011 1486 βοηθούμτνος,
1038 1399 1176 1485 ἐκάθητο
1196 1399 1326 1480 ι’διάζουν

236 1508 292 1570 καί
311 1509 473 1585 περιέμενε
507 1501 655 1585 σύνοδον,
683 1504 762 1566 ἰδεῖν
782 1500 840 1584 τὴν
860 1495 984 1565 άδικίαν
1005 1502 1114 1580 atros,
1132 1503 1188 1565 καί
1205 1499 1325 1587 ἔγραφε

234 1602 290 1667 καί
311 1602 390 1687 πρὸς
411 1606 486 1679 τούς
506 1604 676 1686 α’ρχιορεῖς.
719 1596 796 1665 ὅθεν
819 1603 854 1665 ἐν
875 1601 931 1664 ούκ
951 1604 1044 1689 ὀλίγῳ
1067 1604 1168 1689 καιρῷ
1187 1604 1324 1684 συνῆλθε

234 1700 366 1779 σύνοδος
384 1707 514 1787 μεγίστη
535 1700 679 1779 ἐξετάσαι
702 1704 785 1775 τίνος
804 1698 903 1785 χάριν
921 1699 1061 1786 ἐξώσθρ·
1102 1703 1185 1782 βοιύν
1203 1700 1265 1782 γάρ
1286 1693 1325 1785 ἤν

234 1798 277 1877 ιύς
302 1802 454 1887 ἠδίκησαν
482 1803 589 1867 αύτύν.
633 1804 666 1866 ὲν
697 1793 754 1863 οὖν
781 1809 847 1875 τοῖς
871 1800 1073 1883 ἀρχιερεῦσιν
1103 1795 1120 1864 ὃ
1146 1804 1322 1865 Φιλιππου·
1335 1814 1369 1866 15

233 1901 353 1977 πόλεως
371 1902 540 1977 Διονύσιος
561 1900 689 1985 εύρὲθη,
711 1897 794 1983 ἔχων
816 1901 929 1985 φιλίαν,
951 1898 1031 1978 μετά
1057 1902 1169 1991 κυρίας
1189 1900 1325 1980 Μαρίας

232 2005 288 2085 τῆς
310 2002 465 2085 μητρυιᾶς
488 1999 659 2067 αύθὲντου.
680 1999 737 2085 καί
746 2001 898 2080 μαθοῦσα
919 1995 1000 2083 αὕτη
1024 1996 1064 2062 τά
1081 2000 1243 2063 σκάνδαλα
1263 1999 1324 2061 τῶν
1413 2076 1416 2079 Δ

232 2097 291 2164 δύο
312 2104 527 2183 πατριαρχαῖν,
560 2102 614 2164 καί
633 2095 682 2164 ύτι
703 2098 733 2165 οἱ
751 2103 806 2181 τῆς
822 2097 943 2175 πόλεως
965 2101 1102 2180 ἐγένοντο
1124 2096 1269 2180 πρασιαί,
1293 2093 1324 2161 οἱ
1434 2189 1435 2192 ρ

230 2202 290 2281 μὲν
313 2198 368 2264 τὸν
388 2203 443 2265 ἕνα
464 2198 494 2264 οἱ
511 2204 546 2265 δὲ
564 2200 619 2264 τὸν
639 2198 745 2282 ἕτερον
765 2203 941 2284 ζητοῦντες,
960 2203 1142 2279 ἐμβαλοῦσα
1164 2200 1209 2272 εἰς
1229 2200 1322 2260 πινύ.
1434 2219 1436 2356 ρ

231 2323 298 2365 κιον
317 2300 478 2386 άργυρούν
494 2298 644 2382 χιλιάδας
664 2300 723 2363 δύο
743 2299 904 2382 χρυσίνων
915 2299 1073 2382 ἐπορεύθη
1093 2297 1173 2379 πρὸς
1193 2297 1368 2368 advari-20

231 2403 354 2485 θέντην.
396 2402 500 2464 ταῦτα
529 2401 564 2464 δὲ
583 2397 714 2474 ’ἰδόντος
743 2399 858 2482 uisui,
880 2398 959 2485 ἔφη·
1003 2404 1057 2468 “τι’
1076 2402 1190 2480 ταῦτα,
1211 2390 1239 2460 ui
1259 2402 1322 2482 μῆ-

302 2576 343 2631 18.
362 2577 520 2647 φατρίαιλ

231 2729 301 2776 rens,
320 2721 375 2763 turn
396 2707 604 2781 purpuratarum
622 2716 685 2782 regii
710 2715 804 2785 palatii
835 2723 862 2765 at
879 2715 1039 2782 dgarenicae
1060 2714 1157 2782 stirpis,
1177 2723 1231 2766 tum
1251 2717 1321 2766 aiio-

231 2799 289 2834 rum
311 2792 385 2836 extra
407 2785 564 2834 viventium.
601 2788 672 2838 solos
691 2785 811 2836 habebat
830 2785 995 2836 adversarios
1015 2785 1140 2835 bouriues·
1155 2787 1321 2837 ecclesiasti-

229 2871 283 2916 cos,
303 2854 377 2924 quod
397 2854 535 2905 audissent
555 2873 614 2906 eum
642 2856 836 2928 patriarchatus
862 2857 1048 2925 consequendi
1076 2874 1154 2906 causa
1176 2857 1250 2907 mille
1270 2876 1320 2907 au.

229 2939 289 2975 reos
309 2926 460 2992 pollicitum
493 2943 550 2976 esse
577 2928 638 2994 regi.
676 2944 735 2976 cum
753 2926 907 2978 huiusmodi
931 2929 1002 2978 inter
1020 2945 1066 2976 eos
1086 2927 1218 2978 dissensio
1237 2938 1318 2990 esset,

228 3005 391 3046 conventum
419 3005 531 3064 egerunt
557 2997 748 3066 Trapezuntii,
776 2998 959 3067 collectosque
980 2998 1055 3048 mille
1074 3004 1170 3048 aureos
1187 2999 1319 3051 miserunt

229 3067 294 3134 regi,
313 3075 434 3134 rogantes
455 3076 484 3118 ut
511 3067 687 3136 patriarcham
706 3068 798 3138 ipsis,
816 3085 897 3137 quem
922 3069 1033 3130 velient,
1053 3078 1164 3120 crearet.
1201 3073 1318 3139 acceptis

227 3135 269 3188 his
290 3149 345 3198 rer,
363 3137 545 3207 imprudentia
576 3141 692 3204 ipsorum
712 3138 875 3208 improbata,
898 3138 968 3189 dixit
989 3141 1090 3191 “tacite
1109 3155 1181 3199 vero,
1201 3142 1246 3209 qui
1266 3158 1319 3191 vo-

226 3207 269 3258 bis
297 3209 446 3276 placuerit,
475 3209 669 3280 patriarcham,
693 3209 913 3283 quandoquidem
941 3211 1022 3260 etiam
1047 3212 1119 3261 inter
1143 3228 1190 3261 vos
1209 3220 1236 3262 et
1255 3229 1318 3263 eum

162 3337 165 3344 Ι
228 3279 275 3347 qui
293 3296 365 3330 nunc
383 3279 411 3329 id
431 3297 526 3330 munus
545 3280 614 3346 gerit
627 3296 682 3330 nun
700 3282 849 3332 convenit*
869 3282 910 3331 ilii
926 3297 988 3348 ergo
1007 3283 1097 3332 Marco
1117 3282 1317 3350 improbissime

228 3351 313 3399 eiecto
338 3352 365 3401 in
391 3351 478 3402 iocum
511 3351 568 3400 eius
596 3349 746 3420 produxere
777 3353 988 3419 Trapezuutium
1016 3350 1185 3417 symeonem.
1222 3355 1317 3438 itaque

226 3420 341 3483 Marcus,
363 3438 412 3472 nec
431 3438 479 3490 per
498 3438 525 3470 se
539 3419 641 3470 habens
661 3422 736 3490 quod
755 3431 854 3489 ageret,
873 3440 923 3472 nec
940 3440 955 3472 a
971 3440 1105 3506 quoquam
1124 3424 1241 3487 adiutus,
1259 3427 1316 3492 pri-

225 3498 312 3541 vatam
329 3493 410 3542 vitam
429 3491 540 3560 agebat,
561 3499 703 3558 expectans
723 3491 832 3561 quaudo
855 3493 934 3544 fieret
956 3495 1046 3562 ahqua
1065 3493 1191 3559 synodus,
1211 3497 1238 3544 iu
1259 3513 1314 3565 qua

226 3561 259 3611 de
278 3563 377 3613 iniuria
395 3561 446 3612 sihi
466 3563 536 3612 iacta
554 3571 719 3629 quereretur.
757 3563 847 3613 sedet
865 3563 900 3614 ad
920 3581 1050 3614 sacrarum
1072 3581 1158 3614 rerum
1178 3568 1316 3618 antistites

224 3633 317 3684 literas
341 3633 425 3685 dedit.
476 3631 547 3692 hinc,
567 3648 621 3682 non
643 3632 748 3685 modico
768 3634 909 3686 interiecto
930 3645 1069 3704 tempore,
1088 3635 1186 3686 iactum
1207 3645 1237 3687 ut
1256 3653 1315 3686 ma-

223 3705 294 3754 xima
316 3703 432 3769 synodus
459 3712 663 3769 congregaretur
683 3705 720 3754 ob
745 3705 936 3774 inquirendum
954 3707 982 3756 in
1003 3705 1189 3774 espuisiouern
1208 3707 1315 3775 ipsius,

224 3791 355 3842 quaenam
383 3773 462 3823 huius
488 3789 566 3822 causa
589 3782 675 3825 esset:
700 3792 755 3826 uon
773 3775 895 3827 cessabat
918 3778 988 3825 enim
1015 3779 1133 3844 ipsorum
1153 3795 1314 3845 exaggerare

223 3847 363 3897 clanritans
381 3843 501 3893 iniurias.
548 3853 610 3895 tunc
636 3847 706 3897 inter
726 3848 870 3915 pontifices
891 3847 984 3898 aderat
1003 3849 1107 3916 praesul
1137 3850 1314 3917 Philippopo.

222 3915 289 3978 leos,
308 3915 417 3967 nomine
436 3913 596 3980 Dionysius,
624 3925 704 3968 notus
734 3927 762 3968 et
787 3921 917 3983 gratiosus
934 3918 1005 3986 apud
1032 3920 1166 3972 dominam
1192 3922 1316 3981 Mariam,

222 3987 321 4037 sultani
340 4001 485 4036 novercam.
535 4003 603 4054 qnae
626 4005 685 4038 curu
706 3990 854 4039 rescivisset
871 3988 906 4039 δυ
928 3988 1041 4040 dissidio
1061 3991 1202 4059 utriusque
1221 3992 1310 4059 patri-

223 4059 333 4116 archae,
359 4057 485 4125 civesque
512 4056 653 4110 distractos
684 4076 740 4110 esse
761 4061 788 4109 in
815 4061 961 4120 factiones,
982 4062 1042 4110 aliis
1070 4061 1132 4110 huic
1151 4060 1212 4112 aliis
1231 4063 1313 4114 atteri

223 4128 412 4190 studentibus,
437 4131 494 4203 ipsa
514 4130 642 4182 coniectis
660 4131 689 4182 in
707 4133 810 4184 lancem
835 4139 986 4200 argenteam
1006 4131 1112 4183 duobus
1131 4131 1241 4185 milibus
1260 4151 1311 4186 au·
