2884 4775
258 240 333 318 256
624 250 679 314 DE
694 237 839 312 ‘REBUS
861 235 985 310 'nutat

256 416 430 498 Λάρισσαν
450 408 511 487 ἕως
532 406 737 494 τήνΣαϊάδα,
760 405 813 474 διά
840 407 865 473 ν’
888 407 1034 484 άνοίξονν
1049 401 1105 466 καί
1128 396 1169 466 νά
1193 391 1359 482 στράσοον

255 514 329 591 τοός
355 510 509 597 δρόμους·
530 507 641 596 έξήντα
676 507 774 585 πόδας
795 505 831 572 τό
854 503 991 587 πλάτος,
1028 505 1083 568 καί
1100 499 1139 567 νά
1167 497 1360 581 ἓτοιμάσοον

146 621 150 628 ’
257 614 476 700 ζωοτραφίας,
506 611 562 677 καί
591 607 651 677 ὅσα
683 605 765 675 όλλιι
788 608 943 692 άναγκαῖα
965 607 1022 672 τοῦ
1045 600 1300 688 στρατεύματος,
1322 594 1358 664 τό

256 715 362 780 ὁποῖον
385 713 495 796 ἔμελλε
525 711 562 778 νά
594 714 690 798 διαβῇ
721 710 843 776 ἐκεῖθεν
876 707 954 772 κατὰ
980 707 1043 770 τῶν
1074 705 1246 789 Κοροφῶν.
1290 703 1360 765 αλλ’

254 813 506 897 ἓτοιμαζομένων
537 809 655 879 τοότων
688 813 867 895 έμποδίσθη
894 808 911 870 ό
935 805 1071 891 βεζίρης,
1094 804 1148 869 καί
1170 797 1270 887 η’λθεν
1293 800 1385 866 άντ’5

183 913 188 922 ’
254 913 403 978 arisati-i
428 913 699 998 Καραμοοσταφά
734 913 838 984 κασᾶς
871 913 912 988 μὲ
940 906 1054 991 ἐξήντα
1088 910 1176 971 πέντε
1208 899 1361 986 χιλιάδας

254 1018 466 1096 στρατιωτῶν.
509 1009 562 1079 ότι
585 1015 620 1078 δὲ
642 1006 740 1096 ήλθεν
760 1003 852 1086 οὗτος
877 1011 921 1083 εἰς
942 1006 995 1072 τόν
1009 1003 1214 1091 Βοσθρωτόν,
1234 1000 1361 1090 ἔφθασε

254 1112 309 1178 καί
328 1113 345 1180 ὃ
368 1114 506 1181 κααετάν
530 1118 633 1188 ποσοῖς
658 1110 809 1193 Τζανοόμ
832 1109 960 1190 Χότζας
993 1106 1048 1172 διά
1070 1105 1254 1190 θαλάσσης,
1279 1101 1362 1187 έχων

254 1215 429 1291 σοολτάνας
442 1212 562 1299 ἓξήντα,
584 1213 715 1295 γαλόνια
732 1210 888 1294 σαράντα,
909 1207 1061 1293 γαλιότας
1073 1213 1127 1272 καί
1147 1201 1229 1271 ἄλλα
1253 1213 1360 1287 πλοῖα,

255 1313 308 1380 διά
338 1317 399 1382 τῶν
431 1315 549 1380 όποίων
583 1319 732 1399 ἐξαίφνης
760 1309 909 1388 ἐλθόντες
939 1315 1114 1390 κατέλαβον
1147 1307 1183 1372 τό
1210 1313 1244 1372 ἑν
1268 1307 1402 1372 Καο-10

254 1413 343 1504 σαόιιη
376 1416 485 1482 στενόν
514 1419 559 1489 εἰς
586 1412 644 1496 τήν
674 1417 854 1496 Παναγίαν.
912 1411 941 1476 οἱ
972 1413 1008 1475 δὲ
1034 1406 1164 1476 Βενετοί
1193 1406 1361 1494 ἐρχόμενοι

175 1507 180 1516 ’
255 1513 373 1592 ἔξωθεν
392 1520 433 1595 μὲ
456 1519 497 1582 28
519 1514 657 1599 καράβια
679 1516 834 1578 ἐπέπεσαν
856 1516 969 1594 βιαίοις
989 1514 1056 1575 κατ’
1078 1511 1193 1590 αὐτοῖν,
1210 1510 1267 1574 καί
1285 1533 1362 1573 σνν-

255 1607 425 1697 τρίψαντες
456 1616 570 1700 μερικά
597 1615 660 1677 άπὸ
681 1614 720 1678 τά
752 1610 889 1696 καράβιά
911 1637 973 1678 ταιν
1003 1610 1134 1694 όσχισαν
1161 1609 1216 1674 τόν
1237 1607 1361 1679 στόλον,

255 1720 311 1781 καί
331 1719 491 1799 ἐπέρασαν
521 1718 567 1790 τίς
585 1714 661 1791 ταός
684 1716 871 1800 Κορυφοός.
927 1713 942 1776 ό
966 1717 1002 1778 δὲ
1025 1714 1224 1797 Σερασκέρης
1246 1709 1361 1792 διαβάς

167 1857 174 1872 ·
255 1819 296 1898 μέ
317 1817 352 1880 τό
375 1814 559 1901 στράτευμά
592 1841 648 1880 τοο
671 1820 771 1898 πέραν
799 1803 852 1878 έπί
882 1818 936 1898 τής
956 1813 1072 1898 νήσου,
1095 1809 1251 1896 ἐσκήνωσε
1272 1804 1360 1893 παρά
1372 1825 1401 1876 15

255 1916 311 1981 τόν
338 1915 491 1996 Ποταμὸν
512 1917 553 1993 aa
575 1912 651 1980 δέκα
674 1919 767 1997 μίλια
790 1903 918 1999 μακράν
940 1918 999 1979 τοῦ
1019 1915 1170 1996 κάστροσ.
1213 1910 1361 1996 διήρκεσε

256 2019 291 2082 δὲ
313 2015 329 2081 ό
352 2018 486 2097 πόλεμος
515 2016 631 2082 εἴκοσιν
663 2011 744 2080 ἑπτά
768 2013 909 2101 ἡμέρας,
931 2020 984 2080 καί
1000 2017 1177 2101 ,ἠφανίσθη
1199 2010 1280 2077 πολά
1302 2016 1362 2076 rosi

259 2118 435 2199 Τοσρκικοό
458 2114 705 2200 στρατεύματος.
732 2120 822 2190 τέλος
835 2114 927 2181 ἔπεσε
949 2114 1005 2200 τήν
1025 2115 1122 2180 νόκτα
1143 2110 1246 2199 βροχή
1269 2111 1361 2177 τόσον

255 2213 395 2301 ῥαγδαία
418 2213 498 2282 siuas
522 2215 615 2299 έσορε
635 2214 673 2281 τά
695 2213 865 2300 πράγματα’
886 2242 948 2281 των
970 2216 1014 2292 εἰς
1032 2213 1087 2300 τήν
1107 2218 1284 2298 θάλασσαν,
1306 2213 1361 2276 καί

254 2313 285 2379 οἵ
305 2313 465 2400 βάρβαροι
486 2314 711 2400 έξοπνήσαντες
735 2311 830 2397 εἶδον,
853 2319 973 2399 λέγοαν,
997 2320 1118 2401 πλῆθος
1139 2319 1218 2380 νέων
1240 2311 1399 2400 ‹papia-⁴20

256 2441 319 2481 των
340 2419 385 2495 είς
405 2426 518 2502 χεῖρας
539 2416 710 2498 λαμπάδας
735 2422 937 2499 άναμμένας,
961 2421 1016 2482 καί
1036 2418 1091 2481 ἕνα
1114 2419 1267 2503 γηραλέον
1289 2419 1358 2481 ε’ττί-

253 2537 369 2579 σκοπον
386 2514 587 2597 βαστάζοντα
609 2516 726 2602 ῥάβδον
748 2522 804 2581 καί
832 2514 984 2584 διώκοντα
1009 2519 1137 2593 αάτοός.
1181 2511 1301 2585 τούτων
1323 2518 1359 2579 δέ

258 2797 319 2849 dem
337 2797 503 2867 postularet,
528 2795 562 2848 ad
587 2796 762 2866 aperiendam
783 2804 811 2857 et
833 2796 1003 2867 aequandam
1024 2799 1093 2850 viam
1113 2797 1197 2868 pedes
1216 2798 1356 2866 sexaginta

253 2868 350 2932 latam,
378 2878 406 2921 et
430 2867 464 2920 ad
492 2867 639 2938 parautlum
665 2870 781 2934 victum,
809 2878 836 2921 et
861 2886 930 2939 quae
959 2878 1099 2939 praeterea
1128 2870 1280 2922 necessaria
1312 2886 1355 2921 es·

253 2949 315 2992 seut
334 2942 480 3003 exercitui,
507 2942 554 3008 qui
580 2940 647 3002 iude
670 2949 762 2992 contre
793 2940 934 3007 Corcyram
963 2949 1175 3008 transgressurus
1203 2950 1270 2993 erat.
1309 2940 1357 2993 sesl

253 3028 312 3062 cum
341 3011 409 3063 haec
443 3020 533 3063 esseut
560 3020 667 3082 parata,
694 3013 796 3063 vesitus
823 3019 863 3063 est
888 3010 1050 3082 impeditus,
1080 3020 1107 3063 et
1138 3028 1186 3081 pro
1214 3030 1247 3064 eo
1275 3012 1358 3063 Cara.

213 3137 216 3141 A
252 3083 395 3152 mustapba
423 3081 522 3150 pascha
556 3085 632 3134 venit
666 3100 726 3133 oum
759 3084 897 3150 sexaginta
929 3085 1052 3152 quinque
1084 3084 1202 3151 milibug
1228 3083 1357 3136 militum.

141 3150 151 3175 ⁴
253 3155 301 3225 qui
332 3172 391 3205 oum
420 3153 537 3204 venisset
567 3155 744 3216 Buthrotum,
773 3155 852 3206 etiam
879 3154 1000 3275 Capoten
1028 3156 1126 3224 pascha
1152 3157 1273 3223 (navium
1302 3154 1358 3205 dux

253 3220 392 3290 summias)
418 3225 539 3275 ‘Faunum
565 3223 680 3277 Chotzas
709 3242 759 3294 per
787 3242 859 3276 mare
892 3242 906 3275 a
929 3226 1017 3288 venit,
1050 3244 1109 3277 cum
1136 3225 1250 3277 sultanis
1279 3242 1357 3277 sexa-

253 3297 340 3361 ginta,
370 3293 548 3364 quadraginta
575 3297 662 3362 gaulis
686 3296 864 3365 amplioribus
900 3306 928 3348 et
962 3298 1111 3348 minoribus
1139 3303 1167 3348 et
1193 3296 1253 3346 aliis
1278 3298 1357 3348 navi·

254 3369 321 3429 bus,
357 3365 456 3434 quibus
488 3365 579 3415 subito
615 3370 732 3432 aggressi
765 3376 932 3436 occuparunt
958 3368 1105 3436 Cassopeas
1143 3368 1279 3435 angustias
1310 3385 1358 3418 us-

255 3453 308 3505 que
335 3435 522 3503 sdPansgiam
550 3435 654 3503 (locum
677 3437 793 3505 Virginis
819 3446 948 3503 sanctae).
992 3439 1088 3490 Veneti
1108 3448 1217 3502 autem,
1243 3454 1274 3489 ex
1300 3439 1356 3490 alto

254 3522 313 3555 oiim
337 3505 372 3557 28
392 3508 503 3574 navigiis
533 3506 726 3571 advenientes,
759 3525 803 3559 eos
831 3511 940 3561 sortiter
968 3512 1082 3577 aggressi
1108 3518 1186 3572 suut,
1206 3518 1235 3567 et,
1253 3510 1357 3561 abscis-

196 3615 201 3623 ,
254 3578 290 3627 sis
304 3578 426 3646 partibus
439 3578 606 3646 navigiorum
626 3594 718 3629 eorum
733 3580 843 3631 classem
864 3580 1039 3651 dissiparunt,
1061 3590 1089 3633 et
1109 3584 1244 3633 intrarunt
1258 3583 1357 3648 Corcy-

255 3653 319 3698 ram.
358 3647 412 3699 dux
436 3660 525 3700 autem
546 3650 694 3700 ‘furcarum
714 3650 918 3719 (Seraslerus),
939 3655 986 3721 qui
1005 3653 1151 3704 exercitum
1169 3670 1246 3703 suum
1267 3655 1295 3704 iu
1313 3656 1356 3703 iu-

255 3720 339 3769 sulam
360 3721 517 3785 traiecerat,
539 3721 614 3789 apusl
633 3722 771 3774 Polaenum
791 3731 876 3773 castra
898 3726 1003 3791 posuit,
1025 3724 1118 3775 decem
1139 3724 1257 3775 miliaria
1276 3740 1291 3774 a
1312 3742 1357 3774 oa·

216 3791 221 3805 ·
256 3790 347 3842 stello.
384 3790 487 3842 bellum
520 3801 610 3842 autem
640 3792 734 3859 viginti
760 3800 861 3860 septem
887 3795 945 3846 dies
975 3796 1096 3858 duravit,
1122 3804 1149 3847 et
1176 3812 1273 3862 magua
1298 3813 1357 3865 pars

255 3862 388 3913 exercitus
406 3862 554 3912 Turcarum
575 3872 616 3914 est
638 3863 790 3914 interiecta.
828 3875 964 3932 postremo
984 3867 1071 3917 imber
1088 3875 1168 3918 nocte
1189 3874 1299 3918 exortus
1317 3875 1357 3918 est

254 3942 307 3984 tam
329 3932 453 4001 rapidus,
483 3942 513 3984 ut
533 3951 573 3984 res
593 3935 701 3985 illorum
719 3936 747 3984 in
767 3951 837 3985 mare
858 3936 1024 4001 effunderet,
1046 3947 1074 3990 et
1093 3937 1201 3989 barbari
1223 3954 1356 4007 experge-

253 4003 317 4055 iaoti
337 4002 541 4054 multitudinem
562 4006 690 4056 iuvenum
712 4005 849 4069 viderunt,
869 4008 916 4077 qui
936 4008 1059 4059 manibus
1083 4009 1152 4061 laces
1170 4004 1296 4060 incensas
1312 4026 1356 4076 ge·

252 4076 370 4161 stabant,
389 4083 417 4127 et
435 4076 591 4146 episcopum
610 4076 801 4147 grandaevum,
821 4079 868 4149 qui
887 4079 1013 4132 baculum
1035 4080 1156 4150 gestabat
1177 4098 1280 4151 eosque
1293 4097 1356 4150 per-

252 4146 424 4223 sequebatur.
461 4164 522 4199 oum
543 4147 611 4202 boec
630 4157 658 4202 st
678 4148 735 4202 alia
754 4149 829 4220 sigua
849 4151 936 4205 mults
966 4160 994 4207 et
1018 4151 1152 4209 mirabilia
1182 4158 1356 4225 apparerent,
