2884 4775
251 182 301 263 te
362 182 366 190 “
458 264 459 267 ¹
693 191 890 259 arsroan
964 215 1014 306 ’μ
1093 137 1131 159 .,
1213 252 1219 269 ,

251 342 376 431 ἔφθασε
389 345 442 407 κατ’
454 345 500 417 εἰς
520 338 559 406 τύ
584 343 639 405 τού
656 340 828 407 σουλτύνου
848 342 1031 425 Ἀγαρηνών
1046 333 1120 421 alta,
1142 339 1197 405 καί
1216 338 1341 423 iutuitu

249 447 305 507 καί
326 445 456 527 η’ξίωσεν
478 440 574 505 αύτύν
595 444 647 504 ἵνα
669 438 837 525 ποιήσηται
860 438 1006 523 ἐξήγησιν
1020 444 1066 514 εἰς
1086 440 1119 504 τύ
1145 437 1235 522 ἅγιον
1257 440 1340 522 σύμ·

248 547 342 622 βολον
362 544 418 624 τῆς
453 544 586 613 πίστεως
611 546 673 611 τών
696 542 895 636 Χριστιανῶν
923 540 979 602 καί
998 540 1083 626 doing
1107 541 1192 626 αύτῷ
1211 537 1339 624 ταύτην.

247 641 457 725 ποιησάμενος
485 633 543 716 σύν
572 639 627 723 τήν
654 637 799 723 ἐξήγησιν
829 641 889 702 τού
922 639 1084 720 συμβόλου
1105 638 1339 719 α’νυτιοστύλως,

246 738 499 822 θεολογικιύτατα
522 739 576 803 καί
597 742 766 825 σοφώτατα
779 742 981 820 συνθέμενος,
1002 737 1091 816 ώςὲν
1111 747 1235 816 πολλοῖς
1257 743 1363 826 φατ’-5
1436 795 1437 808 ,

244 845 343 918 vetui,
364 842 498 904 δέδωκεν
519 843 612 927 αὐτῷ.
656 843 711 904 κατ’
729 842 1035 921 μεταγλωττίσαντες
1060 835 1159 903 ττύντα
1181 844 1284 918 καλῶς
1304 846 1338 906 ἐν

150 962 155 965 ·
245 936 386 1021 Ἀράβων
406 938 540 1026 γλώσσῃ,
563 940 682 1021 α’νὲγνω
713 935 790 1001 sard
815 922 979 1021 α’κρύδειαν
998 942 1054 1001 καί
1072 943 1249 1019 ’χαριέντως
1268 942 1336 1005 ε’δὲ-

174 1112 177 1117 ,
243 1062 319 1121 χετο
341 1043 396 1105 καί
415 1042 567 1120 εύλαβώς,
589 1035 842 1121 ἀναγκαζόμενος
861 1039 906 1112 εἰς
927 1040 1029 1102 ταύτα
1050 1039 1136 1124 τιαρύ
1156 1065 1249 1105 τινων
1258 1046 1338 1105 νέων

244 1133 344 1203 ὄντων
365 1137 411 1203 ἔτι
434 1142 637 1221 Χριστιανῶν
669 1135 761 1202 ἔνδον
790 1138 843 1220 τῆς
872 1136 973 1220 αύλῆς
1000 1137 1057 1202 τού
1086 1144 1242 1203 παλατίου
1273 1144 1346 1204 aaz,

244 1243 338 1318 rori,
360 1244 415 1303 καί
453 1240 572 1317 μᾶλλον
615 1236 701 1318 παρύ
739 1240 798 1300 τού
835 1232 910 1299 niori
945 1239 1005 1299 τού
1041 1238 1261 1323 Ἀμυρούτζη,
1300 1237 1336 1314 ὃς
1347 1263 1379 1315 10

243 1338 286 1414 ώς
308 1334 348 1423 ἦν
367 1338 555 1421 λογιώτατος
577 1340 622 1412 εἰς
643 1335 679 1401 τύ
698 1333 885 1420 Ἑλληνικόν,
908 1331 1010 1412 ούτως
1022 1338 1141 1420 ἐγένετο
1164 1338 1217 1401 κατ’
1235 1340 1280 1413 εἰς
1300 1338 1335 1403 τὸ
1436 1417 1437 1432 ¹

237 1437 417 1522 Ἀραβιιιύν.
460 1433 549 1511 ὅστις
570 1439 625 1501 κατ’
646 1429 795 1514 ἀξιωθείς
826 1436 913 1519 παρὰ
937 1440 995 1499 τού
1016 1437 1190 1501 σουλτύνου
1212 1436 1335 1525 ὁρισμῷ
1436 1447 1437 1480 r

240 1526 354 1603 τούτου
375 1532 602 1618 μετεγλώττισε
612 1542 719 1618 βιβλία
735 1534 835 1600 πολλὰ
853 1540 887 1598 ε’τι
907 1538 968 1602 τών
983 1537 1143 1619 ἡμετέρων
1163 1536 1218 1601 κατ’
1230 1538 1334 1602 πάντα

239 1634 277 1701 τοὶ
298 1644 502 1719 γραμματεῖα
529 1639 585 1701 κατ’
607 1634 682 1712 τούς
704 1634 839 1710 κώδικας
869 1632 943 1711 τούς
970 1635 1154 1718 βασιλικούς
1176 1637 1232 1699 καί
1252 1630 1333 1701 cilia

237 1734 380 1820 χρειώδη
419 1738 473 1800 καί
508 1733 607 1802 πολλοὶ
635 1737 712 1817 περί
748 1739 889 1810 πίστεως.
941 1732 958 1798 ri
986 1739 1157 1811 σαυλτιῖνος
1174 1734 1248 1819 ’γὰρ
1275 1736 1375 1816 uris15
1403 1817 1406 1822 r

236 1836 371 1901 ἐπαύετο
401 1834 546 1916 ἐρωτών,
576 1839 694 1916 μαθεῖν
723 1834 780 1898 olel
802 1857 833 1898 τι
863 1833 918 1898 καί
932 1838 1143 1918 ’πιστωθῆναι
1155 1834 1245 1931 ,περί
1277 1840 1334 1921 τῆς
1436 1847 1437 1856 ’

238 1939 446 2017 Χριστιανών
476 1938 609 2012 πίστεως
639 1933 840 2018 βουλόμενος.
894 1933 965 2000 ἀλλ’
987 1933 1080 2000 ούδὲν
1101 1937 1244 2025 ἐγένετο·
1286 1941 1334 2011 εἰς

235 2033 295 2120 γὰρ
319 2037 475 2099 α’σονὲτου
498 2036 631 2117 καρδίαν
651 2035 729 2110 θεὸς
748 2034 805 2097 oda
826 2034 1049 2099 εἰσελεύσεται.
1436 2043 1437 2060 ’

322 2133 415 2199 Mera*
439 2138 503 2197 ταῖν
522 2126 625 2199 ἄλλων
649 2126 705 2196 οὖν
727 2126 772 2197 οἷν
796 2128 906 2217 ἠρώτα
926 2133 983 2197 καί
1002 2131 1190 2215 ἐμάνθανεν,
1215 2125 1330 2216 ἤκουσε
1436 2133 1437 2200 l

237 2231 293 2297 κατ’
312 2237 386 2314 τιτρί
403 2234 460 2296 τού
497 2234 692 2317 α’φορισμού,
725 2226 774 2295 ὅτι
798 2231 844 2294 ’δν
864 2224 903 2294 aiv
926 2228 955 2295 oi
979 2233 1141 2314 ἀρχιερεῖς
1159 2234 1215 2295 καί
1233 2229 1372 2316 ἱερεϊςῖθ
1436 2235 1437 2258 ’

236 2335 298 2398 τών
329 2334 532 2416 Χριστιανών
563 2325 763 2418 ἀφορίσωσιν
791 2326 953 2414 εύλύγως,
983 2325 1032 2396 ὅτε
1058 2355 1108 2408 τις
1137 2328 1272 2420 α’δικήσγ
1306 2324 1329 2416 ἢ
1436 2273 1438 2397 l

236 2433 363 2518 πταίσῃ,
386 2431 426 2493 ού
448 2431 613 2497 διαλύεται
646 2436 678 2496 ἐν
706 2437 821 2520 τῇγῇ,
845 2431 926 2496 aliid
946 2436 1033 2514 με’νετ
1053 2430 1085 2497 τύ
1110 2435 1203 2512 οώμα
1226 2425 1328 2497 αύτού

1436 2898 1437 2933 l

1436 3098 1437 3133 l

164 2729 166 2733 >
234 2707 275 2741 res
294 2690 374 2741 etiarn
393 2689 507 2757 algareni
527 2665 776 2760 regis'perrenerit.
811 2692 925 2742 accitum
952 2691 1045 2760 itaque
1064 2690 1175 2758 rogavit,
1195 2687 1324 2740 scriberet

235 2761 443 2832 explicationem
463 2762 488 2812 S.
511 2763 626 2827 symboli
644 2761 706 2812 fidei
720 2763 898 2825 Christianae,
915 2762 1024 2832 sibique
1040 2761 1124 2812 daret.
1162 2761 1251 2827 paruit
1268 2759 1323 2822 bic,

233 2835 424 2883 commentario
438 2849 496 2883 cum
512 2834 583 2883 omni
598 2833 725 2884 libertate
740 2850 754 2883 e
773 2851 845 2884 sacra
858 2833 1047 2900 theologorum
1060 2831 1203 2900 disciplina
1220 2832 1323 2898 optime

232 2904 488 3022 sagientissimeque
516 2903 656 2966 confect03
682 2905 752 2955 sicut
771 2922 811 2955 res
835 2906 897 2972 ipsa
922 2905 950 2953 in
972 2905 1064 2954 multis
1083 2903 1219 2971 loquitur3
1238 2910 1322 2970 atque

231 2991 260 3024 su
276 2983 338 3024 tano
358 2972 467 3023 obtulit.
505 2990 584 3040 qnem
609 2975 706 3026 librum
724 2977 880 3044 peremnia
905 2974 975 3025 bene
992 2977 1019 3025 in
1041 2973 1180 3025 Arabicam
1202 2972 1322 3039 linguam

232 3061 385 3094 conversum
407 3045 464 3112 ipse
477 3040 623 3113 diligenter
641 3047 714 3114 legit,
735 3049 883 3097 clementer
899 3047 1034 3112 accipiens
1053 3053 1081 3096 et
1099 3052 1267 3108 reverentem
1285 3043 1322 3093 ad

231 3113 260 3165 id
279 3113 432 3170 faciendum
460 3131 519 3164 cum
540 3116 573 3166 ab
592 3117 699 3186 aliquot
717 3118 811 3186 palatii
837 3117 878 3167 sui
904 3117 997 3166 anaticis
1019 3115 1160 3167 iuvenibus
1180 3113 1321 3180 (Christia-

194 3197 195 3202 ’
230 3203 281 3238 nae
299 3187 370 3237 eninr
392 3184 480 3237 adbuc
498 3185 536 3235 ibi
566 3189 703 3255 religionis
727 3188 852 3239 nonnulli
872 3189 958 3257 erant)
979 3185 1101 3248 adactus,
1119 3194 1177 3236 tum
1196 3185 1320 3253 inprimis

230 3275 246 3307 a
266 3257 323 3307 lilio
344 3260 511 3317 Amerutzae,
530 3258 576 3324 qui
596 3276 644 3327 par
665 3260 768 3309 eratin
787 3261 927 3326 utriusque
949 3258 1059 3324 linguae
1078 3256 1214 3317 facultate,
1233 3255 1319 3304 Grae-

230 3343 276 3378 cae
293 3336 321 3378 et
341 3325 477 3388 Arabicae,
494 3326 634 3394 impulsus.
676 3329 775 3380 multos
798 3329 844 3379 hic
863 3331 903 3378 vir
921 3336 1012 3394 rogatu
1043 3335 1071 3378 et
1089 3328 1160 3377 iussu
1181 3325 1248 3392 regis
1267 3343 1320 3376 no·

230 3406 342 3448 strorum
362 3397 489 3448 librorum
509 3397 538 3446 in
556 3397 694 3448 Turcicam
713 3400 851 3450 transtulit
869 3399 996 3465 linguam,
1017 3397 1107 3448 omnia
1127 3395 1235 3466 quidem
1254 3404 1318 3447 acta

229 3475 257 3518 et
275 3467 379 3518 tabulas
401 3468 530 3538 publicas,
551 3467 656 3519 codices
678 3471 874 3537 imperatorios,
892 3471 943 3520 alia
959 3470 1052 3533 utilia3
1070 3467 1154 3518 multa
1171 3468 1317 3518 etiamre-

228 3538 337 3604 ligionis
361 3548 476 3588 nostrae.
523 3555 577 3590 non
605 3539 727 3590 cessabat
754 3542 824 3590 enim
850 3540 979 3591 sciscitari
1004 3539 1143 3603 soltanus,
1165 3537 1317 3589 identidem

227 3608 332 3676 aliquid
350 3624 508 3676 cognoscere
531 3618 559 3663 et
578 3613 674 3663 certior
688 3611 746 3660 lieri
767 3610 800 3662 de
821 3610 874 3661 lide
884 3611 1037 3669 Christiana
1055 3609 1176 3660 studens.
1198 3617 1226 3660 at
1245 3608 1317 3660 nibil

228 3677 263 3730 ed
282 3679 395 3730 salutem
414 3681 545 3748 proiecit:
564 3699 618 3733 non
641 3683 713 3733 enirn
732 3682 799 3732 deus
819 3683 848 3732 in
866 3681 960 3734 stolidi
980 3681 1059 3732 corde
1078 3681 1166 3731 locum
1186 3678 1276 3732 babet.

240 3825 245 3840 ,
314 3763 387 3817 later
410 3768 463 3818 alia
482 3781 549 3837 quae
569 3769 735 3837 interrogans
755 3768 896 3831 discebat,
916 3771 998 3820 etiam
1023 3769 1056 3821 de
1076 3768 1246 3819 anathemate
1266 3783 1315 3818 sen
1338 3826 1345 3831 ἱ

228 3839 505 3889 excommunicatione
526 3838 638 3901 audivit,
656 3840 793 3901 videlicet,
821 3841 976 3910 quicunque
997 3856 1012 3889 a
1029 3840 1203 3909 pontificibus
1222 3846 1250 3890 et
1269 3855 1316 3889 sa-

228 3908 382 3960 cerdotibus
403 3909 564 3960 Christianis
583 3910 652 3962 iusta
672 3911 705 3961 de
726 3926 817 3973 cansa,
838 3911 873 3962 ob
898 3919 1035 3979 peccatum
1053 3919 1101 3961 aut
1118 3910 1215 3972 scelus,
1234 3926 1249 3960 e
1268 3924 1314 3960 sa·

227 3994 271 4029 cro
290 3988 368 4030 coetu
387 3981 548 4050 expellatur,
572 3978 645 4031 bunc
670 3980 751 4032 talem
779 3981 917 4034 humatum
946 3999 1001 4032 non
1019 3980 1130 4032 dissolvi
1158 3982 1314 4039 interram,

226 4050 273 4102 sed
292 4067 398 4104 manere
419 4068 515 4120 corpus
535 4052 593 4103 eius
612 4051 803 4104 indissolutum
833 4061 861 4104 et
879 4055 1013 4121 integrum
1031 4054 1059 4104 in
1078 4060 1158 4114 terra,
1178 4052 1314 4120 conspici-
