2884 4775
250 225 324 296 aaa
457 177 463 194 ’
621 225 677 290 na
711 174 841 290 nanos
877 224 984 290 naim

249 374 415 473 λόχριστος
436 377 502 466 τόν,
528 381 606 465 μειοῖ
631 384 687 466 τῆς
710 384 861 461 εδστβοός
883 385 1069 469 βασιλίσσης
1087 381 1277 466 Ἀγγελικῆς
1300 384 1357 448 καί

249 491 309 553 τοῦ
343 485 507 550 θειοτάτου
535 485 690 565 βασιλέως
711 481 858 568 Ἰωοὶσαφ
888 481 946 558 τός
978 481 1125 570 φυλακάς
1151 487 1355 568 ε’ξεκὲνωσαν,

249 587 285 654 τό
311 589 431 675 κλωβία
451 583 582 666 κοίτην
603 582 779 667 παλιουρην
802 585 972 667 ἑχόλασαν,
996 582 1036 648 τό
1060 586 1234 669 κοιμητοίτα
1258 588 1355 678 κατέ.-

248 712 396 765 ιιαυσαν,
417 684 493 760 τοός
509 687 555 755 ,δὲ
577 682 681 759 οἴκους
702 695 768 758 τοῖς
791 685 992 768 κληρονόμοις
1014 687 1195 770 α’πὲδωκαν,
1218 689 1273 750 κατ’
1295 683 1365 758 τός.
1436 713 1437 716 ’

248 786 367 862 πολλός
389 790 535 861 δουλείας
556 784 611 848 καί
628 786 809 868 α’γγαρείας,
832 784 913 850 α’λλό
931 785 967 870 δὴ
983 789 1038 851 καί
1050 784 1106 862 τός
1132 786 1245 870 ζημίας
1265 782 1379 866 μετοὶ5

247 890 310 954 τίόν
330 889 478 970 δαρμαῖν,
509 880 532 950 οἳ
564 883 719 969 πρότερον
747 878 834 967 εἶχον
865 885 951 968 παρὰ
983 890 1041 951 τοῦ
1060 882 1234 972 τυράννου,
1257 887 1354 950 αὐτοί
1436 895 1437 904 ’

220 991 460 1053 ·κατε’παυσαν.
513 987 566 1051 διό
605 987 700 1050 corito
728 982 757 1050 oi
783 985 965 1052 Ἰωαννῖται
1003 986 1264 1070 πανυψηλότατον
1298 988 1355 1048 καί

248 1084 506 1170 ε’κλαμπρότατσν
540 1085 639 1171 ου’τόν
661 1088 864 1172 δνεκηρυξαν.
916 1089 1087 1174 ἐπληρώθη
1110 1090 1144 1152 δὲ
1170 1085 1205 1151 τὸ
1226 1085 1353 1172 φάσκον

248 1187 337 1254 “τότε
357 1186 392 1251 τό
415 1187 510 1254 καλόν
531 1187 780 1273 δοξασθήσεται,
804 1183 879 1253 όταν
898 1187 932 1254 τό
956 1186 1052 1253 κακόν
1075 1185 1352 1273 αἰσχυνθήσηται·
1436 1255 1437 1284 η

248 1387 321 1466 τοός
343 1394 568 1466 κατοικοῦντας
590 1389 676 1464 ἐντός
695 1392 759 1454 ταῖν
778 1392 966 1456 Ἰωαννίνων
989 1388 1168 1473 ε’γλόκανεν,
1191 1387 1271 1454 ἄλλα
1296 1394 1354 1454 καί
1436 1413 1437 1422 ’

247 1488 322 1566 τοός
350 1487 469 1570 ἔξωθεν
495 1491 686 1573 Ἀλβανίτας
719 1492 764 1566 εἰς
793 1489 928 1577 γαλήνην
956 1493 1011 1556 καί
1039 1488 1162 1576 τίγοὶπηι
1189 1490 1353 1576 εἰρηνικὴν

249 1593 451 1676 κατέστησεν.
1436 1605 1437 1654 3

342 1685 436 1756 Ἀλλ’
466 1691 634 1768 όΣπότας
655 1695 785 1779 φθονιόν
817 1686 874 1756 οόκ
896 1689 1069 1788 ἐπαίσατο,
1093 1689 1174 1756 α’λλδ
1198 1695 1352 1776 δρομαῖος

249 1791 345 1858 πόλιν
368 1785 460 1876 ηλδε
491 1793 568 1858 nord
603 1798 667 1858 τῶν
689 1795 890 1859 ΗΙωαννινων
940 1817 992 1854 και
1023 1791 1038 1854 ό
1072 1793 1221 1914 δεσπότης
1241 1795 1352 1872 Ιζαου
1364 1811 1393 1863 15

169 1954 172 1959 ,
250 1893 441 1969 ἕπτσυνόξας
469 1892 508 1957 τό
540 1893 764 1978 στρατεύματα
786 1891 866 1959 eard
896 1898 951 1958 τοῦ
973 1893 1082 1956 Σπότα
1104 1895 1229 1978 ἐχώρει.
1274 1891 1352 1957 ddi

250 1995 381 2068 Σπάτας
416 1992 494 2058 ι’διόν
513 1990 612 2059 αότόν
642 1996 747 2081 φυγάς
767 1989 882 2086 ᾤχετο,
904 2000 958 2060 καί
985 1996 1067 2075 μετὰ
1094 1997 1193 2058 ταῦτα
1226 1993 1351 2077 α’γοίπην

251 2093 412 2180 ἐποίησαν.
467 2099 523 2159 καί
543 2094 595 2160 τόν
617 2093 789 2180 ἐρχόμενον
817 2098 930 2182 χρόνον
953 2095 1066 2183 ἔφερεν
1087 2093 1102 2158 ὁ
1126 2093 1351 2177 Παλαιολόγος
1436 2143 1437 2152 ,

250 2192 388 2280 Βριόνης
406 2195 443 2260 τοὶ
475 2194 642 2260 δεσποτικὰ
667 2196 831 2277 α’ξιιόματα
852 2201 907 2261 καί
928 2195 1041 2276 dorsete
1062 2196 1115 2270 τόν
1135 2195 1246 2272 Ἰζαοῦ
1256 2243 1265 2275 ,
1287 2196 1349 2258 ταῖν

223 2336 226 2343 =
251 2297 309 2362 δόο
337 2298 514 2362 ἐπισκόπων
537 2295 596 2381 την
616 2300 706 2361 θείαν
740 2297 964 2380 μυσταγωγίαν
986 2298 1200 2380 τελεσάντων,
1237 2300 1296 2360 τοῦ
1317 2318 1349 2360 τε
1358 2311 1389 2365 20

250 2402 357 2473 Βελός
389 2401 446 2463 καί
475 2402 533 2464 τοῦ
564 2399 846 2484 Δρυϊνουπόλεως,
882 2395 1038 2484 παρόντος
1067 2403 1122 2463 καί
1148 2400 1203 2464 τοῦ
1231 2420 1350 2483 μητρο.

251 2502 389 2563 πολίτου.
809 2516 815 2531 ’

354 2597 481 2663 Τούτων
504 2593 604 2675 οότως
625 2602 770 2686 ἑχόντων,
791 2605 832 2689 τῷ
855 2602 938 2666 6894
960 2596 1040 2685 ἔτει,
1064 2598 1124 2663 α’πό
1147 2602 1182 2664 δὲ
1205 2599 1352 2683 Χριστοῦ

255 2700 353 2782 1385,
379 2698 396 2763 ό
419 2699 651 2786 πανιερτότατος
670 2706 898 2789 μητροπολίτης
919 2704 1279 2789 Ματθαῖοςμετῆλθεν
1302 2701 1348 2763 ε’ν.

249 2985 397 3039 heredibus
422 2985 607 3048 reddiderunt,
627 2995 655 3038 et
674 2987 773 3039 multas
795 2988 936 3040 servitutes
955 2995 983 3039 et
1002 3004 1096 3058 operas
1115 2986 1283 3051 tributarias,
1305 2996 1348 3039 at-

251 3078 304 3131 que
323 3076 424 3129 poenas
444 3067 471 3109 et
492 3060 585 3119 fustes,
604 3077 673 3129 quae
690 3078 738 3129 per
759 3069 902 3125 tyrannum
922 3068 1000 3111 antea
1023 3058 1203 3128 perferebant,
1224 3058 1266 3109 illi
1284 3060 1348 3111 fini·

250 3140 355 3183 verunt.
401 3138 544 3198 propterea
571 3131 710 3182 loannitae
737 3132 893 3182 altissimum
920 3148 980 3182 eum
1000 3138 1037 3182 'et
1056 3131 1263 3189 illustrissimum
1284 3149 1348 3199 pro-

249 3206 424 3264 nuntiarunt,
455 3210 537 3270 atque
562 3204 805 3254 eatconlirmatum
835 3202 1041 3255 dictumillud:
1078 3210 1135 3253 tum
1157 3200 1260 3253 demum
1283 3204 1348 3273 pul-

251 3272 344 3325 chrum
367 3240 561 3334 hodorabstnr,
590 3290 651 3325 cum
677 3276 776 3325 malum
804 3276 938 3326 abiectum
959 3275 1018 3326 erit.
1067 3274 1123 3324 sole
1144 3275 1215 3325 enim
1237 3276 1346 3325 lucente

251 3345 382 3398 tenebrae
402 3342 574 3413 diffugerunt.
610 3344 728 3397 hicnon
755 3347 841 3398 solum
861 3348 1007 3398 loanninae
1027 3346 1128 3396 incolas
1149 3345 1235 3397 laetos
1256 3346 1346 3397 reddi-

253 3417 302 3478 dit,
321 3414 369 3467 sed
388 3415 469 3467 etiam
479 3408 614 3467 Albanitis
633 3419 750 3468 externis
771 3420 994 3487 tranquillitatem
1014 3427 1041 3470 et
1060 3418 1202 3469 amicitiam
1225 3426 1346 3486 pacatam

254 3488 404 3539 constituit.

354 3578 388 3627 At
406 3576 501 3647 Spatas
520 3576 639 3629 invidere
668 3594 724 3629 non
751 3577 845 3641 desiit,
864 3579 911 3631 sed
936 3580 1061 3631 celeriter
1080 3595 1168 3630 rursus
1188 3584 1284 3629 contra
1302 3578 1346 3627 lo-

255 3646 381 3698 anninam
400 3648 537 3716 profectus
567 3658 625 3716 est,
653 3659 681 3701 et
697 3650 821 3703 dominus
840 3651 921 3703 'lzaus
940 3651 1103 3703 exercitibus
1122 3650 1219 3702 coactis
1232 3650 1346 3735 Spatom

254 3718 414 3787 aggreditur.
457 3722 552 3789 Spatas
581 3730 670 3773 autem
698 3740 730 3774 εο
757 3732 900 3791 conspecto
926 3724 955 3774 in
981 3722 1069 3791 lugam
1095 3739 1122 3773 se
1150 3722 1347 3791 praecipitavit,

254 3799 282 3843 et
302 3798 403 3874 postea·
416 3792 559 3844 amicitiam
578 3795 703 3862 iungunt.
723 3802 804 3864 atque
823 3811 895 3846 anno
920 3804 1051 3866 sequente
1068 3794 1178 3845 Briones
1204 3794 1347 3844 Palaeolo-

254 3879 301 3930 gua
329 3878 404 3930 regna
423 3879 463 3914 aa
466 3880 536 3931 ignia
556 3865 723 3934 adportavit,
744 3876 771 3917 et
795 3868 932 3918 coronavit
950 3870 1053 3930 lacum
1073 3883 1132 3916 cum
1152 3866 1272 3934 episcopi
1293 3864 1346 3915 duo
1436 3892 1437 3897 =

233 3933 235 3939 ⁴
255 3933 453 3985 ordinationem
473 3937 641 4002 perlicerent,
668 3938 787 4007 episcopi
808 3938 890 3990 Velee
910 3948 937 3990 et
956 3938 1138 4007 Drynopolis,
1158 3945 1185 3987 et
1206 3944 1346 4005 metropo-

254 4006 304 4057 lita
318 4021 427 4075 quoque
443 4005 556 4060 adesset.

353 4076 505 4140 Quaeram
530 4080 567 4130 ita
597 4079 706 4143 fierent,
728 4098 798 4134 anno
819 4080 936 4151 6894,p
941 4080 1027 4134 &cnr
1048 4099 1075 4133 n.
1097 4080 1174 4146 1385,
1193 4080 1346 4133 Matthaeus

255 4149 430 4221 metropolita
451 4152 630 4211 sanctissimus
660 4120 724 4207 hide
743 4154 776 4206 ad
796 4152 872 4207 sedes
891 4100 1014 4225 asterpas
1041 4153 1157 4206 transiit.
1193 4162 1250 4207 tum
1272 4154 1345 4205 lzaus

695 4364 702 4393 Ι
