2884 4775
237 214 308 284 166
684 221 880 285 HISTORIA

166 450 168 453 Ι
233 373 289 432 καί
308 366 469 446 draucos,
492 365 643 430 σαυλτάνε
668 393 758 455 pov,
783 375 848 445 πῶς
871 368 961 455 iisse,
983 370 1020 433 νὰ
1041 369 1150 457 μάθῃς
1171 371 1228 455 τὴν
1250 372 1332 437 sinii.

232 472 323 530 θέσιν
348 470 557 538 καταλτστῶς.
808 532 815 541 ,
1056 486 1058 493 ·

320 564 413 628 ‘struo
440 559 566 645 ἧλθαμε
597 553 675 642 pisid
716 567 864 650 φοασσὶτα
901 566 963 629 έὸὧ
994 571 1034 646 μὲ
1070 566 1121 630 τὸν
1145 572 1330 646 σοινλτάναν,

231 663 439 742 έτεντόσαμεν
459 660 519 740 ἔξω
542 662 597 725 καί
620 666 819 743 έκαθίσσμε·
861 666 917 727 καί
936 668 1072 745 πόλεμον
1095 668 1147 729 δέν
1170 668 1327 747 cidalarius,

230 763 289 836 ἕως
311 755 347 821 οὗ
369 760 423 823 καὶ
454 754 551 842 ἦλθεν
572 758 591 843 ἦ
612 758 762 843 cippario,
782 759 832 825 »τὰ
856 759 1010 845 xrisma,
1042 764 1152 827 ἀσάνω
1184 763 1246 827 riuti
1271 762 1356 845 τὴνὸ
1438 816 1439 851 3

228 859 337 940 μαύρη
365 859 543 922 θάλασσαν.
599 860 654 923 uui
681 860 766 923 ώσὰν
790 855 908 940 ἦλθεν,
942 862 1131 943 έμήνυσενό
1158 866 1329 939 σσσλτιὲνσς

227 962 284 1021 τοῦ
306 963 460 1037 βασιλέως
487 962 548 1021 τῶν
567 959 738 1037 Ῥωμαίων
765 960 803 1022 asi
826 964 883 1023 τοῦ
910 960 1051 1047 dolapsi
1075 964 1209 1052 κέστραν
1231 968 1328 1046 &elq-

208 1060 383 1135 1ματινιαῖς,
404 1055 441 1118 voi
463 1054 518 1120 τόν
531 1054 632 1140 έκάμη
652 1056 798 1142 ἀδελφόν,
819 1058 857 1120 να
881 1053 962 1121 εἶναι
979 1057 1007 1122 oi
1027 1061 1084 1123 driu
1097 1060 1251 1124 αὐθένται
1274 1062 1331 1124 κατ’

226 1158 379 1235 βασιλεῖς,
409 1156 463 1216 xus*
485 1156 521 1216 να
546 1159 604 1217 τοῦ
624 1156 733 1241 δώσῃ,
767 1153 834 1238 ἤτοι
857 1158 1037 1221 ἀνάπαυσιν
1059 1162 1145 1221 θέλει
1164 1154 1184 1239 ἢ
1204 1159 1327 1241 κάστρη

226 1247 349 1335 ἢᾶλλα
382 1254 588 1337 claudinum,
617 1252 654 1317 vsi
685 1255 752 1336 ἔχει
775 1252 948 1337 ενήμεριίιν
977 1256 1058 1333 μετὰ
1081 1262 1140 1319 ταῖν
1161 1254 1326 1337 ἀρχόντων
1340 1266 1374 1317 10
1438 1264 1439 1339 l

227 1352 336 1415 usitari.
390 1352 443 1414 κατ’
471 1352 570 1425 αὐτὸς
599 1350 615 1416 ὁ
643 1354 796 1431 βασιλεὺς
828 1356 1017 1438 δ’ὲνιέδέχθη
1038 1354 1092 1419 τόν
1114 1354 1204 1436 λόγον
1224 1356 1329 1419 αὐτοῦ
1438 1340 1439 1359 l

227 1454 284 1512 rori
302 1450 491 1534 σαυλτάνου,
524 1454 600 1515 ον’δέ
624 1452 654 1516 oi
676 1448 838 1533 ἄρχοντες.
893 1440 951 1516 ’καί
971 1459 1103 1535 γεμίσας
1124 1450 1195 1526 ὅλος
1220 1452 1329 1533 θυμὸν

228 1542 392 1630 ὅρισετῆς
412 1546 510 1630 ὥρας,
535 1551 588 1614 καί
612 1551 756 1631 ἑδώκαμε
784 1556 937 1635 πόλεμον,
958 1550 997 1614 τὰ
1027 1554 1161 1633 κάτεργα
1184 1552 1246 1614 α’ττό
1270 1550 1329 1634 τήν

227 1648 396 1713 θάλασσαν
429 1652 483 1713 sai
515 1648 604 1730 ἡμεῖς
632 1648 696 1713 riuti
719 1649 777 1730 τὴν
798 1651 937 1734 στερεᾶν,
981 1651 1037 1715 καί
1057 1652 1119 1713 cinti
1139 1660 1208 1723 ταῖς
1230 1658 1329 1729 lours-

226 1748 366 1828 πάρδαις
387 1747 443 1810 καί
461 1742 523 1811 duri
545 1747 583 1811 soi
601 1753 755 1833 ιουφέκια
780 1754 835 1814 καί
855 1749 917 1812 α’σὸ
949 1754 1006 1813 rori
1031 1754 1150 1831 πλῆθος
1171 1752 1228 1821 τοῦ
1246 1750 1328 1811 λαοῦ
1339 1759 1372 1809 15

226 1843 438 1911 έσκστινέασεν
475 1844 490 1907 ὃ
515 1846 645 1925 κόσμος,
665 1852 721 1911 καί
744 1848 908 1931 έσαίνετον
939 1849 957 1929 ἦ
983 1845 1085 1930 ἡμέρα
1108 1844 1195 1910 ὦσαν
1217 1846 1327 1911 νύκτα.

226 1950 281 2009 καί
300 1949 346 2020 εἰς
368 1948 485 2009 ἐκεῖνον
514 1943 566 2008 τὸν
588 1946 725 2025 πόλεμον
746 1948 966 2028 ἐσκοτώθησαν
993 1948 1102 2009 uultui
1120 1953 1171 2009 irai
1196 1946 1330 2027 μεγάλοι

165 2040 171 2044 ’
227 2045 290 2107 α’τιὸ
310 2044 348 2108 τὸ
372 2041 532 2129 φσυσάτον
553 2050 612 2107 τοῦ
631 2044 816 2129 novissimo,
839 2044 855 2107 ὁ
883 2048 1046 2129 σελερπεῒς
1068 2050 1122 2128 τῆς
1142 2040 1328 2126 Ῥσσμέλης,

224 2149 365 2207 τουτέστι
384 2147 440 2225 τῆς
457 2143 558 2223 δύσις,
578 2144 707 2228 apsides,
738 2150 1014 2229 φλαμττουραρέοι,
1036 2146 1168 2217 στιαΐδες
1193 2146 1248 2205 καὶ
1269 2136 1327 2207 ‹it-

227 2249 275 2306 λαι
297 2247 413 2305 notior.
468 2248 523 2307 καί
548 2241 640 2325 ἡμεῖς
668 2248 713 2317 εἰς
744 2243 819 2317 τούς
845 2244 1023 2323 Ῥωμαίους
1057 2241 1157 2306 πολύν
1184 2240 1372 2321 narratores>

169 2338 388 2423 162έκᾰμαμεν
409 2345 453 2417 εἰς
476 2343 591 2419 αὐτοὺς
613 2346 654 2424 μὲ
676 2352 745 2418 ταῖς
767 2339 988 2425 λσνμσιέρδαις
1011 2347 1064 2406 κατ’
1083 2348 1123 2422 μὲ
1143 2340 1182 2404 τὰ
1207 2346 1324 2426 τουφέ-

228 2466 282 2503 κια
303 2443 358 2504 κατ’
385 2444 425 2522 μὲ
453 2452 523 2516 ταῖς
545 2448 711 2525 σαγέταις,
742 2445 797 2505 καί
822 2441 883 2504 sinii
912 2439 951 2505 roi
981 2447 1084 2523 τειχιά
1106 2445 1162 2504 τοῦ
1185 2441 1324 2521 κέστραν

228 2539 415 2622 έχαλάσαμε
437 2544 493 2606 καί
510 2543 572 2606 sinti
595 2543 634 2607 roi
656 2543 802 2622 ὀσσήτια.

228 2716 420 2768 “subiectione
446 2726 472 2769 et
492 2717 642 2770 deditione.
690 2718 718 2769 id
739 2717 828 2769 autem
852 2717 988 2788 quomodo
1010 2717 1107 2768 sactum
1129 2717 1182 2778 sit,
1202 2715 1267 2766 audi
1286 2717 1322 2767 mi

228 2787 348 2848 domine,
372 2797 468 2839 utrem
491 2797 584 2838 exacte
603 2805 747 2855 cognoscas
767 2797 860 2839 totam.

298 2876 441 2944 Postquam
454 2893 512 2924 cum
533 2876 641 2926 sultano
661 2883 689 2925 et
708 2875 793 2943 copiis
813 2873 865 2924 linc
883 2875 1014 2934 venimus,
1035 2881 1097 2923 ante
1119 2872 1210 2923 urbem
1229 2880 1324 2924 tento·

228 2945 274 2997 riis
292 2947 388 3015 positis
407 2945 594 3006 consedimus,
622 2961 674 2995 nec
694 2946 925 3013 oppugnationem
947 2944 1105 3004 intulimus,
1124 2943 1210 2993 donec
1231 2945 1325 2994 classis

227 3023 256 3065 et
270 3018 389 3066 triremes
409 3033 423 3066 e
445 3018 529 3067 Ponto
552 3016 658 3066 Euxino
673 3015 882 3066 descenderunt.
920 3021 948 3064 ut
965 3022 1055 3064 antem
1073 3014 1247 3081 appulerunt,
1265 3015 1325 3064 sul-

226 3095 305 3136 tanus
329 3088 423 3152 legatis
442 3088 529 3136 missis
550 3087 584 3136 ab
602 3089 767 3154 imperatore
779 3089 896 3136 Romano
911 3085 1045 3153 poposcit,
1064 3083 1183 3134 traderet
1203 3083 1255 3132 sibi
1279 3101 1325 3132 ur·

227 3156 289 3206 bem
309 3159 391 3215 ultro,
410 3165 439 3206 ut
457 3173 517 3206 eum
538 3158 627 3207 fratris
645 3159 706 3208 loco
726 3157 843 3217 duceret,
864 3163 894 3205 ut
910 3153 989 3204 ambo
1007 3161 1096 3204 essent
1110 3153 1212 3204 (lamini
1234 3162 1263 3204 et
1282 3171 1326 3204 re·

227 3243 290 3293 ges.
309 3236 340 3276 ut
363 3228 388 3274 ei
408 3225 486 3276 daret
507 3227 636 3295 quicquid
656 3228 750 3288 vellet,
771 3229 826 3276 sive
846 3226 931 3275 otium
954 3241 968 3272 a
988 3225 1103 3290 negotiis
1126 3224 1242 3292 publicis
1264 3225 1323 3274 sire

229 3296 329 3364 oppida
350 3297 407 3345 sive
428 3297 497 3345 alios
515 3305 660 3361 proventus
679 3305 707 3348 et
728 3296 838 3356 reditus,
869 3303 899 3346 ut
917 3293 1046 3345 felicitate
1065 3311 1117 3344 rina
1136 3310 1194 3343 cum
1219 3294 1323 3344 familia

228 3366 423 3432 nobilibusque
443 3365 497 3413 suis
518 3365 660 3419 frueretur.
697 3375 725 3417 at
744 3369 889 3436 imperator
910 3373 937 3416 et
956 3380 1080 3433 proceres
1098 3365 1155 3414 eius
1173 3364 1250 3414 nullo
1273 3375 1324 3432 ps·

227 3443 271 3485 cto
291 3434 503 3503 postulationem
524 3435 624 3484 sultani
644 3437 774 3504 accipere.
813 3435 883 3486 unde
902 3444 975 3488 totus
991 3436 1029 3484 ira
1043 3433 1220 3486 inflammatus
1239 3451 1324 3503 quarn

226 3520 289 3557 mos
308 3506 453 3555 exercitum
485 3505 513 3555 in
542 3506 622 3554 armis
644 3522 700 3555 esse
723 3505 809 3556 iubet.
856 3514 920 3557 tunc
938 3505 1167 3574 oppugnationem
1191 3503 1322 3564 ordimur,

162 3583 165 3588 '
228 3574 320 3624 classis
340 3591 354 3624 e
375 3578 450 3637 mari,
470 3593 519 3626 nos
541 3584 659 3637 eterra3
680 3591 793 3644 eamque
807 3584 880 3627 tanta
898 3578 923 3626 ri
943 3585 970 3626 et
987 3577 1089 3642 impetu
1109 3583 1139 3624 nt
1157 3575 1323 3625 bombarda-

225 3660 284 3693 rum
297 3652 325 3694 et
338 3654 533 3696 tormentorum
549 3645 746 3695 mannariorum
764 3646 838 3696 fumo
853 3644 1093 3714 multitudinisque
1104 3646 1322 3714 oppugnantium

225 3715 336 3781 pulvere
355 3716 458 3765 caelum
477 3717 598 3784 undique
617 3715 812 3766 obtenderetur
825 3733 854 3764 ac
868 3716 925 3766 dies
939 3719 967 3767 in
986 3723 1092 3766 noctem
1111 3716 1221 3765 vertisse
1236 3714 1321 3778 *vide-

225 3792 305 3834 retur.
325 3802 358 3834 eo
371 3787 398 3835 in
411 3787 514 3851 praelio
534 3785 677 3837 desiderati
695 3795 758 3836 snut
775 3788 852 3836 multi
864 3786 1086 3854 praestantissimi
1100 3803 1113 3834 a
1128 3793 1205 3852 parts
1218 3784 1321 3835 sullani

160 3893 169 3904 ,
223 3853 282 3915 viri,
295 3855 465 3922 beglerbeius
475 3858 619 3908 Romanius
634 3873 680 3906 seu
692 3855 857 3916 Occidentis,
873 3856 953 3906 duces
963 3857 1151 3914 lanizarorum,
1162 3855 1323 3918 vexilliferi,

168 3946 171 3950 ·
224 3923 331 3989 Spachi‚
351 3926 396 3975 alii
417 3928 503 3977 multi,
542 3927 587 3977 sed
611 3935 639 3976 et
658 3941 706 3976 nos
725 3927 986 3994 vicissimingentem
1007 3929 1184 3976 Romanorum
1204 3934 1321 3992 stragem

225 3992 383 4046 bombardis
403 3999 544 4047 tormentis
572 4005 600 4046 et
624 3997 780 4063 sagittarum
804 3996 896 4048 nimbo
915 3996 1064 4059 edidimus5
1093 4010 1216 4046 necnon
1237 3997 1321 4046 etiam

195 4103 204 4111 .
223 4080 359 4127 murorum
378 4066 452 4120 urbis
470 4076 572 4140 partem
591 4076 618 4119 et
636 4068 787 4139 complures
804 4066 897 4118 domos
917 4068 1117 4138 prostravimus.
