2884 4775
490 222 808 291 rumitacntcu.
1031 294 1035 299 ,
1122 222 1194 294 159

103 373 237 464 *(ἧξενρε
258 368 307 439 ὅτι
327 374 372 446 είς
392 371 512 457 ἡμέρας
531 377 621 439 πέντε
642 371 718 449 ὅλας
741 400 800 453 σας
821 375 879 453 τάς
905 372 1068 461 ἐκκλησίας
1092 380 1148 443 καί
1159 378 1202 449 τά,

102 481 334 560 πατριαρχεῖον
354 474 476 555 χαλοάν
504 470 567 537 άπὸ
588 471 626 537 τά
651 479 801 556 θεμέλια,
828 470 875 539 ὅτι
901 480 1053 561 φεῖτιφάς
1068 479 1197 562 >illins

102 575 244 657 κάσιρον,
266 571 347 637 άποῦ
363 569 408 634 ὶνά
431 576 586 649 πολεμοῦν
607 574 664 635 καἰ“
684 571 722 637 νά
745 572 780 636 τὸ
801 576 946 656 νικηοοσν
966 580 1007 654 μέ
1029 574 1064 639 τά
1086 582 1199 661 σπάθη

102 698 199 754 κους,
235 676 304 735 ἐκεῖ
329 673 476 753 ἐκκλησία
498 664 659 753 Ῥωμαΐκη
681 670 719 735 νά
739 674 838 756 μηδὲν
871 670 937 757 ε”ναι
962 674 1099 756 τελείως,
1124 678 1198 741 otti

74 775 141 844 5νά
161 773 374 856 εάριλνκεται.”
429 767 567 844 α’κοάσας
600 772 635 833 δὲ
656 774 750 835 τοῦτο
773 770 789 833 ά
811 768 972 857 Ξενάιιης,
996 772 1157 859 η’λλοιάθη
1177 771 1204 859 ἦ

101 868 181 952 ὄψις
200 875 256 937 sori
275 868 447 953 προσώπου
478 868 602 949 αὐτοῦ,
623 874 677 933 καί
696 866 812 952 ἐγίνετο
838 867 880 946 σάς
901 870 1018 955 νεκρός,
1038 877 1093 938 καί
1112 873 1197 959 ἔτρε-

101 997 153 1053 με.
196 968 414 1052 προσκυνήσας
445 970 480 1031 δέ
511 967 567 1031 τὸν
596 972 828 1054 καδδηλεοιιὲρη
853 970 982 1053 εάγῆκεν
1010 973 1064 1035 a’u'
1087 974 1197 1056 usitari,

101 1071 159 1135 καί
177 1062 275 1155 η’λθεν
296 1072 340 1141 εἰς
363 1065 418 1149 την
438 1068 578 1150 μεγάλην
597 1070 779 1151 ἐκκλησίαν,
802 1070 857 1131 καί
874 1071 969 1152 α’νέβη
994 1072 1039 1145 εἰς
1059 1073 1113 1135 τὸν
1134 1099 1198 1136 πα-

101 1169 255 1253 τριάρχην
275 1165 355 1247 μετά
379 1170 502 1230 πολλῶν
524 1166 680 1247 δακρύων,
703 1173 758 1231 καί
771 1172 823 1232 λέν
847 1170 970 1233 ἐδάνετο
990 1169 1028 1234 νά
1050 1170 1196 1258 άμιληση·

55 1290 94 1343 10
104 1271 158 1333 καί
178 1267 195 1333 ὃ
219 1269 419 1349 πατριάρχης
448 1267 551 1347 ἐρώτα
576 1265 675 1331 αοίάν
696 1269 752 1331 “ει’
770 1264 841 1331 ε”ναι
869 1267 888 1349 ἡ
911 1267 992 1353 λύπη
1012 1293 1070 1335 σου
1092 1275 1146 1335 καί
1165 1273 1202 1335 τί

102 1368 140 1434 τά
162 1367 338 1451 δάκρυον,·”
363 1369 418 1427 καί
439 1362 520 1444 μετά
555 1360 641 1447 ciacc
659 1369 719 1429 τοῦ
741 1369 822 1445 λέγει
844 1370 1017 1452 ιιφεϊτιφάς
1051 1368 1105 1433 καί
1126 1368 1198 1451 ὁρι-

101 1466 180 1549 σμὸς
203 1468 316 1550 εάγῆκε
347 1466 403 1531 τοῦ
423 1468 590 1547 βασιλέως,
618 1461 677 1556 itt,
699 1454 808 1548 ἐπειδη
834 1464 852 1548 ἦ
875 1464 964 1540 πόλις
986 1466 1111 1553 ἐπάρθη
1132 1466 1194 1533 dat

101 1570 243 1633 σπαθιόυ
265 1569 306 1646 rui
321 1558 564 1645 πόλεμον,’άλας
586 1564 641 1639 τάς
663 1567 827 1647 ἐκκλησίας
850 1570 911 1630 τῶν
935 1570 1136 1649 Χριστιανῶν
1158 1567 1195 1633 νά

101 1664 284 1759 χαλάσοον,
308 1662 390 1729 ὀποῦ
410 1664 491 1730 εἶναι
512 1668 628 1747 με’σα.”
671 1667 808 1741 α’κοάοας
830 1671 865 1731 δέ
886 1672 978 1733 τοῦτο
1001 1664 1016 1730 ὅ
1042 1670 1197 1753 ποτριάρ.

54 1784 91 1835 15
99 1792 171 1850 χης,
196 1758 274 1850 ἦλθε
295 1771 393 1847 μέγας
416 1762 515 1849 φόβος
536 1768 591 1828 καί
609 1766 723 1845 τρόμος
744 1769 789 1841 είς
812 1767 921 1843 αὐτόν,
942 1769 997 1831 καί
1017 1771 1198 1850 ἐκατὲβενεν

101 1864 309 1947 ὃῖδροςποά
327 1863 497 1948 προσώπου
522 1865 619 1929 arisati
641 1861 748 1947 οἵσπερ
771 1864 872 1949 βροχὴ
896 1864 957 1929 α’πὸ
980 1871 1038 1930 τοῦ
1058 1868 1198 1946 ον’ρακοῦ

100 1967 148 2041 εἰς
170 1964 227 2048 την
248 1967 319 2048 γῆν.
364 1968 419 2027 καί
438 1967 492 2047 τῆς
516 1959 603 2047 κάρος
623 1966 753 2046 ἐκατέβη
774 1966 857 2029 κάτω
878 1962 939 2028 α’πά
964 1964 1107 2029 εὐθεῖαν
1129 1971 1197 2029 κελ·

100 2068 169 2128 λίον
191 2065 311 2144 αὐτοῦ,
343 2064 398 2127 καί
420 2059 527 2144 άριοε,
547 2049 602 2128 κάί
620 2058 748 2140 άκοιξαν
771 2064 827 2144 την
849 2061 1023 2147 ἐκκλησίαι.
1067 2068 1121 2129 καί
1138 2064 1198 2146 ἔμ-

100 2168 243 2246 προσθεν
268 2168 324 2247 τῆς
347 2161 463 2239 εἰκόνος
493 2167 548 2245 τῆς
569 2169 845 2246 παμμακαρίστοα,
865 2161 996 2249 ἐστάθη,
1019 2170 1074 2229 καί
1092 2166 1197 2247 παρά-

50 2270 212 2347 2οκλησιν
233 2265 266 2328 ἐκ
289 2266 396 2346 ψυχῆς
417 2262 496 2345 μετά
518 2261 666 2352 ᾄακράων
684 2262 817 2344 ἔψαλλε,
840 2268 893 2327 καί
913 2262 971 2347 την
994 2267 1198 2347 παμμακάρι.

101 2388 178 2430 στον
202 2363 364 2448 ηὀπάοθη.
409 2364 462 2428 καί
481 2361 582 2439 οὕτως
604 2366 695 2448 ἐξέβη
715 2367 753 2430 ἐκ
771 2368 828 2429 τοῦ
850 2369 939 2441 vanai,
962 2367 1015 2430 καί
1036 2363 1071 2428 τά
1096 2364 1198 2446 μολά-

102 2488 174 2549 ριον
196 2467 433 2546 ἐκαβαλίκευοε,
461 2465 513 2529 καί
536 2458 603 2546 μεε’
625 2458 727 2529 uitari
749 2469 804 2530 τοῦ
823 2461 976 2548 ἄρχοντος
997 2467 1054 2529 τοῦ
1075 2461 1200 2550 Ξενάκη

102 2760 152 2802 cut
170 2749 222 2800 lroc
239 2751 268 2800 in
286 2766 358 2800 more
387 2749 440 2799 sibi
469 2756 615 2818 posuerat,
640 2752 764 2805 utcitra
793 2748 1052 2816 praetermissionem
1072 2748 1196 2816 quotidie

102 2823 158 2884 lric,
176 2838 278 2872 summa
297 2837 356 2871 cum
377 2820 547 2871 subiectione
566 2828 592 2870 rt
606 2819 707 2878 studio,
727 2817 834 2870 faceret.
873 2819 907 2868 ad
924 2835 1002 2888 quem
1025 2835 1084 2868 cuur
1104 2820 1195 2868 vanis-

102 2901 162 2954 set‚
183 2893 243 2943 infit
269 2891 293 2942 ei
315 2892 420 2952 Tarsa,
451 2891 535 2941 “scin’
555 2889 623 2958 quid
644 2889 763 2940 futurum
782 2889 838 2940 sit?
881 2889 925 2940 die
954 2888 1014 2956 post
1034 2888 1195 2940 hodiernum

102 2965 201 3034 quinto
221 2965 309 3013 omnia
330 2970 417 3012 vestra
439 2962 537 3029 templa
559 2970 639 3028 atque
658 2962 746 3027 ipsum
764 2960 831 3010 adeo
851 2958 1044 3028 patriarcheum
1063 2955 1078 3007 a
1098 2959 1195 3009 sunrla-

101 3037 202 3086 mentis
225 3034 406 3096 destruentun
453 3034 495 3082 lex
517 3032 588 3081 euim
611 3031 693 3092 exiit,
721 3047 899 3100 quaecuuque
930 3030 1022 3079 civitas
1040 3039 1194 3098 oppugnata

102 3102 176 3157 ferro¹
191 3114 268 3173 capta
287 3106 331 3164 sit,
345 3106 373 3154 in
393 3121 422 3153 ea
444 3104 570 3154 Graecam
593 3102 732 3152 ecclesiam
754 3102 864 3151 omnino
884 3100 986 3150 nullam
1007 3101 1122 3169 relinqui
1146 3117 1194 3150 nen

104 3186 196 3228 extare
214 3175 340 3225 deherc.”
376 3173 428 3225 hoc
445 3175 539 3223 audito
559 3173 713 3223 immutatus
744 3179 785 3222 est
804 3172 878 3221 color
901 3171 979 3221 faciei
1002 3173 1103 3240 optimo
1122 3172 1195 3221 viro:

102 3247 228 3298 exalbuit
247 3245 281 3296 ad
310 3247 394 3296 instar
412 3245 527 3307 mortni,
546 3244 655 3294 tremuit
673 3251 754 3294 totus.
801 3244 889 3292 valere
911 3242 975 3292 dein
997 3243 1068 3292 iusso
1088 3243 1194 3310 quaesi-

102 3327 163 3369 tore
182 3316 314 3376 discessit,
331 3317 462 3385 venitque
481 3317 509 3366 in
531 3322 652 3382 magnam
677 3314 813 3364 ecclesiam
842 3312 874 3362 ad
897 3311 1085 3382 patriarcham,
1105 3312 1195 3364 multis

102 3389 209 3440 obortis
228 3388 351 3438 lacrimis.
389 3387 516 3447 ascendit,
533 3402 581 3437 nec
596 3385 706 3434 verbum
726 3401 790 3452 prae
811 3401 930 3436 macrore
951 3383 1077 3452 proloqui
1099 3384 1196 3451 putuit.

101 3458 253 3529 patriarcha
273 3475 332 3508 eum
355 3458 518 3525 interrogare
537 3455 604 3525 quial
622 3456 799 3520 aegritudinis
818 3464 896 3518 esset,
916 3454 981 3525 quial
1000 3455 1049 3504 sibi
1072 3455 1196 3506 lacrimae

102 3531 217 3583 vellent.
253 3539 309 3580 turu
328 3528 372 3578 hic
392 3538 453 3599 post
474 3544 573 3578 moram
606 3526 758 3577 “edictum’'
785 3527 874 3595 inquit
903 3535 933 3574 “a
963 3542 1022 3592 rege
1042 3525 1195 3593 proiectum

102 3611 155 3663 est,
176 3603 305 3670 quoniam
325 3599 391 3650 haec
410 3599 472 3649 urbs
491 3599 516 3654 vi
537 3606 564 3648 ct
584 3597 653 3648 malo
668 3605 819 3665 expuguatn
835 3598 878 3658 sit,
901 3611 1073 3664 omnesquae
1093 3597 1119 3646 in
1141 3599 1197 3664 ipsa

102 3675 273 3740 reperiantur
301 3672 426 3722 ecclesias
447 3669 610 3719 Christianus
639 3666 803 3718 deiiciendas
834 3677 861 3717 et
880 3665 1009 3718 delendas
1028 3668 1111 3716 esse.'’
1148 3684 1197 3735 pa·

100 3743 218 3794 triarcba
239 3743 284 3792 ubi
305 3743 356 3792 hoc
375 3741 488 3801 audivit,
508 3740 601 3806 ingens
620 3740 707 3807 ipsum
727 3747 813 3788 anetus
838 3746 865 3788 et
883 3745 983 3788 tremor
1003 3737 1129 3787 incessit:
1150 3754 1198 3787 au·

102 3814 208 3865 dorda
230 3814 298 3863 facie
318 3815 375 3864 eius
394 3810 537 3861 admodum
558 3809 680 3860 callentis
698 3827 731 3859 ex
758 3814 818 3860 aire
839 3809 865 3857 in
881 3816 978 3858 terrain
997 3809 1088 3858 imbris
1110 3807 1197 3858 ‹lellu-

99 3888 154 3936 πλε.
193 3885 329 3952 extemplo
349 3885 429 3950 igitur
455 3889 578 3949 ¹astructa
605 3882 673 3930 cella
692 3897 738 3929 sua
765 3878 905 3932 descendit
925 3880 1108 3948 templumque
1131 3895 1195 3946 ape·

100 3957 148 4007 riri
178 3956 275 4006 iussit.l
312 3964 366 4004 tum
396 3962 460 4004 ants
490 3952 707 4019 pammacaristas
726 3950 896 4001 beatissimae
925 3950 1034 4017 virginis
1056 3950 1195 4016 imaginem

68 4073 74 4080 .
101 4028 197 4090 stetit3
217 4027 399 4095 precationem
430 4041 462 4074 ex
480 4025 575 4074 intimo
600 4024 705 4073 animae
734 4039 792 4072 cnur
814 4021 927 4071 lacrimis
947 4022 1027 4084 secit3
1050 4021 1197 4071 sacratissi-

100 4115 173 4150 mam
193 4099 267 4148 illam
289 4095 445 4166 complexus
463 4095 598 4146 salutavit.
635 4092 698 4144 iude
710 4093 810 4161 templo
830 4108 959 4160 egressus,
978 4092 1049 4142 mula
1068 4109 1113 4142 sua
1132 4107 1196 4142 con·
