2884 4775
107 384 197 453 ἐνδον
215 390 272 451 τού
292 386 379 450 ναοέ.
429 384 546 467 ὁμοίως
574 393 630 453 καί
659 389 677 471 ἢ
710 382 966 474 dissertator,
999 390 1202 484 ἧκρόλιτζα,

106 492 176 569 μετ’
195 486 234 549 ού
256 480 336 549 πολύ
363 492 564 570 κοιμηθεῖσα.

192 582 286 651 Marri
311 584 363 649 τόν
388 587 527 651 θάνατον
546 590 583 651 δέ
603 586 703 651 αύτού
732 586 749 651 ό
770 590 965 669 βασιλεύσας
984 592 1124 657 assisto
1143 598 1203 660 Σο·

107 688 199 769 λίμης
218 682 331 766 ἔλαβεν
355 678 508 767 Ἀνδρέαν
539 685 597 751 τόν.
614 685 761 769 δεύτερον
791 686 860 752 uiis
879 685 993 754 τούτου
1014 692 1070 757 καί
1090 690 1202 775 ἔβαλεν

79 786 141 849 ὁέν
161 786 205 869 τῷ
223 790 384 879 σμραγίῳ,
413 782 547 867 ποιήσας
569 785 665 850 αύτόν
693 787 749 850 καί
775 788 947 871 Ἀγαρηνόν
969 794 1023 855 καί
1041 786 1202 873 ὀνομάσας

108 888 309 967 Μεχεμέτην.
353 885 368 946 δ
398 888 432 948 δὲ
454 884 594 969 Ἰωάννης
616 884 797 968 ἀσθενήσας
827 888 1014 974 ἐτελεύτησε,
1034 892 1148 976 ταφείς
1168 894 1203 957 ἐν

106 985 145 1069 τῇ
169 984 432 1070 παμμαιιαρίστῳ,
453 988 495 1069 τῷ
515 988 744 1073 πατρεαρχείεμ.

183 1080 222 1161 Ὁ
247 1086 281 1146 δὲ
303 1083 457 1166 δεσπότης
479 1082 655 1167 Δημήτριος
677 1078 721 1147 τόν
736 1086 770 1148 ἐν
789 1089 830 1174 τῇ
851 1088 1123 1171 Ἀδριανσνπόλει,
1148 1093 1202 1157 δέ.
1235 1146 1239 1154 ,

106 1183 206 1244 δωκεν
229 1182 317 1268 αύτῷ
339 1181 525 1267 όαόθέντης
546 1182 605 1266 τὴν
626 1188 680 1275 τῆς
700 1182 804 1249 Αἴνου
824 1185 947 1267 όλιτιήν,
971 1191 1024 1251 ἵνα
1045 1186 1080 1252 τό
1100 1185 1201 1272 ἥμισύ
1265 1221 1269 1233 =

64 1284 166 1352 ιοτοῦ
188 1282 396 1364 είσοδήματος
415 1284 569 1371 λαμβάνῃ.
613 1283 666 1347 καί
686 1281 721 1359 ig
743 1284 848 1367 λαβών
865 1282 954 1366 ἐβίον
977 1286 1059 1370 ζωὴν
1081 1280 1205 1354 όίσωεον

106 1385 140 1445 ἐν
159 1381 306 1469 σπατύλη
326 1385 380 1446 καί
392 1389 596 1465 κυνηγεσίαις,
620 1378 728 1467 χεῖρον
750 1388 849 1449 ποιεῖν
870 1383 892 1469 ἢ
913 1381 973 1451 όσα
993 1383 1147 1472 ἔπραττεν
1167 1391 1202 1453 ἐν

105 1480 347 1569 Πελοποννήσῳ.
402 1480 476 1546 όδὲ
499 1487 674 1559 Ματθαῖος
706 1482 838 1548 όἈσόν
857 1484 1024 1570 ἐπορεύετο
1045 1489 1125 1569 μετα
1146 1491 1204 1553 τού
1269 1518 1277 1536 ι

104 1578 261 1655 αύθεντὸς
283 1579 316 1645 ἐν
341 1584 489 1663 πολέμοις
509 1582 564 1646 καί
584 1574 621 1666 ἧν
643 1580 900 1667 φρονιμώτατος·
943 1576 1043 1673 sisai
1066 1586 1204 1663 εἰπόντες
1227 1622 1233 1629 «
1289 1591 1292 1598 ’

104 1678 136 1743 si
158 1680 318 1763 όλικόριόι
339 1680 391 1745 ἵνα
412 1686 554 1762 κλέψωσι
578 1682 616 1746 τό
638 1681 746 1765 α’σπρό
768 1689 822 1768 τῆς
840 1682 960 1769 όλιτιῆς,
984 1685 1041 1748 osis
1058 1683 1203 1771 ἐπείσθη,

63 1782 176 1844 15α’λλ’
196 1774 310 1862 ύβρισε
329 1785 385 1845 καί
405 1782 559 1861 ἀπεδίωξε
586 1782 645 1865 τὴν
673 1788 891 1865 κακοβουλίαν.
940 1784 996 1847 καί
1013 1784 1204 1868 παρήγγειλε

104 1878 161 1942 καί
179 1880 221 1967 τῷ
241 1877 396 1968 δεσπότη,
417 1879 474 1946 ἐόν
498 1907 528 1946 τι
559 1880 841 1967 τοιοῦτονείπωσι,
861 1879 905 1967 μη
917 1881 1056 1970 ἀκούσῃ,
1079 1880 1125 1948 ὅτι
1145 1908 1204 1948 τιε-

103 1987 208 2043 σεΐται
240 1981 285 2054 είς
315 1982 459 2046 κίνδυνον
488 1986 598 2064 μέγαν.
651 1978 811 2068 ἐπορεύθη
840 1974 897 2046 osis
926 1973 1020 2058 οὗτος
1039 1982 1119 2063 μετὰ
1142 1987 1200 2050 τού

104 2076 281 2143 σουλτιίνον
305 2082 351 2154 εἰς
372 2077 511 2145 Βόοναν.
904 2107 907 2112 ’

193 2180 321 2263 Καιροῦ
339 2180 372 2245 δὲ
387 2183 535 2262 τυχόντες
547 2180 578 2246 oi
592 2179 757 2265 ύλιτιόρισι,
773 2180 827 2245 καί
838 2181 1010 2264 α’νθραίπον
1027 2176 1202 2262 σίκοόοντος,

62 2294 96 2347 20
107 2276 230 2357 ἐγένετο
251 2278 269 2361 ἦ
293 2277 389 2363 κλοπῇ
414 2284 477 2343 ταῖν
504 2283 643 2363 α’σπρσῖν.
697 2278 717 2343 δ
739 2278 779 2365 δὴ
801 2278 918 2362 μαθών
939 2275 955 2343 ό
979 2282 1147 2356 σοαλτοῖνος
1166 2282 1201 2346 ἐν

102 2374 258 2459 βασάνοις
287 2375 487 2465 ἐμβληθῆναι
524 2376 651 2466 ε’ποίηόε
682 2376 757 2457 τούς
797 2375 1000 2464 όλικαρίονς,
1038 2381 1094 2444 καί
1119 2380 1201 2477 ipu-

106 2677 168 2784 πρᾶτα
187 2662 295 2784 τηερείε,
320 2662 369 2714 iila
397 2677 477 2733 quam
499 2663 615 2715 diximus
635 2665 742 2733 regina,
763 2661 836 2714 baud
862 2663 948 2715 multo
977 2675 1039 2734 post
1062 2663 1118 2716 fato
1136 2663 1201 2717 fun·

104 2749 119 2782 c
168 2747 218 2783 es.

179 2817 306 2870 Manuelo
328 2827 452 2882 mortuo,
481 2837 541 2870 cum
566 2820 697 2874 'surcicae
716 2820 753 2870 rei
780 2829 917 2888 praeesset
933 2820 1056 2872 suitanus
1074 2821 1199 2885 Solimus,

104 2890 248 2941 transtulit
271 2889 386 2941 alterum
412 2891 486 2941 illius
512 2890 614 2954 filium,
636 2890 781 2953 Andream,
799 2891 826 2942 in
849 2899 963 2941 castrum
984 2892 1201 2962 regium3que111

104 2961 261 3028 Agerenicis
288 2961 368 3012 sacris
395 2962 551 3024 initiatum,i
562 2963 670 3014 nomine
689 2969 812 3023 mutato,
832 2959 1024 3012 biecbemetam
1041 2962 1216 3031 appellavit.'

104 3033 222 3082 ioannes
241 3047 304 3082 vero
331 3033 358 3082 in
379 3032 501 3083 morbum
520 3032 644 3103 delapsus
662 3034 779 3083 animam
797 3031 911 3094 efflavit,
929 3030 1053 3083 bustratus
1073 3033 1103 3083 iu
1122 3035 1200 3085 Parn-

103 3104 262 3154 macaristae
281 3102 459 3170 patriarcbeo.
859 3108 863 3112 ’

193 3189 259 3241 Cum
280 3188 393 3260 despota
413 3191 565 3242 Demetrius
585 3176 758 3257 Adrianopoli
782 3194 899 3248 aetatem
926 3196 1025 3254 ageret,
1044 3205 1199 3240 concessum

105 3266 148 3310 eat
167 3261 193 3311 ei
215 3277 230 3310 a
253 3277 314 3328 rege
335 3263 450 3313 civitatis
471 3262 537 3312 Aeni
558 3261 684 3311 salarium
706 3259 830 3326 vectigal,
852 3267 883 3310 ut
902 3257 1043 3310 dimidium
1060 3261 1117 3311 eius
1134 3279 1199 3330 per·

104 3331 218 3398 ciperet.
257 3349 311 3400 quo
331 3334 387 3400 ipse
406 3341 517 3402 accepto
537 3334 617 3382 vitam
643 3331 697 3397 egit
717 3330 876 3381 dissolutam
902 3346 933 3380 ac
954 3332 1101 3399 profusam,
1122 3331 1200 3384 luxui

104 3403 272 3471 senatuique
293 3401 421 3468 deditus,
448 3401 630 3454 deterioribus
650 3401 769 3452 moribus
795 3410 863 3452 tunc
881 3416 960 3470 quam
981 3410 1060 3452 antea
1078 3403 1107 3453 in
1121 3403 1200 3454 Pelo·

104 3488 228 3540 ponneso
248 3471 394 3541 praeditus.
431 3474 512 3542 louge
532 3489 595 3524 vero
611 3473 690 3524 aliter
708 3470 861 3525 Matthaeus
887 3475 972 3522 Asana
991 3471 1036 3522 hic
1054 3474 1126 3524 enim
1146 3475 1199 3525 mi·

103 3543 191 3593 titiam
211 3544 279 3610 regis
297 3537 476 3595 comitabatur
494 3553 521 3595 et
538 3543 747 3613 prudentissime
768 3561 795 3594 se
821 3543 941 3611 gerebat.
978 3543 1021 3593 cui
1039 3560 1099 3594 cum
1119 3561 1200 3613 prae·

103 3613 170 3665 secti
193 3615 258 3665 salis
279 3613 409 3666 dixissent
435 3632 462 3666 se
490 3615 619 3683 pecunias
647 3617 683 3666 rei
712 3615 823 3664 salariae
845 3625 982 3665 aversurus
1012 3623 1117 3666 etcum
1138 3615 1198 3684 ipso
1272 3655 1276 3662 ,

101 3685 260 3752 parcituros,
279 3702 449 3756 nequaquam
470 3687 578 3754 paruit,
597 3683 645 3736 sed
665 3686 793 3737 conviciis
812 3685 956 3735 insectatus
973 3694 1022 3748 est,
1041 3694 1165 3736 avertens
1184 3703 1199 3736 α

101 3772 129 3805 se
148 3753 302 3826 improbum
326 3758 475 3807 consilium.
512 3757 619 3826 quinat
638 3757 688 3825 ipsi
708 3755 837 3824 despotac
851 3754 998 3819 mandavit,
1019 3756 1040 3807 si
1059 3755 1127 3825 quid
1144 3757 1199 3808 tale

99 3826 135 3876 ad
153 3828 161 3876 i
183 3844 241 3878 sum
260 3827 390 3890 dicerent,
409 3846 443 3879 ue
463 3827 585 3880 audiret:
604 3828 661 3878 fore
681 3826 804 3895 alioquin
820 3832 849 3875 ut
860 3826 889 3875 iu
907 3842 1030 3894 maguum
1048 3827 1200 3897 periculum

98 3844 244 3948 ἐρείδεται.
282 3907 389 3950 secutus
412 3908 452 3950 est
470 3900 563 3968 itaque
583 3900 654 3950 Asan
677 3914 764 3965 regens
784 3896 813 3952 iri
833 3897 956 3947 bosnam.
993 3955 995 3960 .

173 3985 412 4054 opportunitatem
438 4003 501 4038 vero
529 3987 615 4037 nactis
644 3985 748 4036 salariis
768 3985 824 4035 iilis
852 3993 879 4034 et
901 3983 1037 4035 bominem
1057 3984 1131 4037 dicto
1149 4003 1200 4037 au·
1260 4024 1263 4030 -

98 4054 244 4119 dientem,
263 4057 427 4108 intersertae
447 4058 521 4110 fuere
541 4057 673 4127 pecuniae
691 4057 788 4123 regiae.
832 4069 885 4124 qua
904 4073 930 4106 re
950 4057 984 4106 ad
1002 4072 1080 4107 aures
1097 4057 1199 4109 suitaui

97 4127 216 4196 perlata,
233 4125 269 4178 od
290 4129 477 4199 quaestionem
505 4130 576 4181 iussu
597 4129 654 4179 eius
674 4126 780 4196 abrepti
798 4134 861 4178 sunt
885 4127 991 4213 salariij
1027 4129 1074 4198 qui
1094 4128 1123 4179 iu
1140 4135 1197 4180 tor·
