2884 4775
540 250 764 317 POLtTlct..
928 316 933 321 ,
1141 246 1189 324 49

90 396 265 463 ἀδιάλυτον
288 396 344 461 καί
357 397 440 483 σῷον
459 392 493 460 ἒν
505 400 555 484 γῇ,
570 402 625 461 κατ’
645 403 824 484 φαίνονται,
846 398 898 466 ύτε
910 426 959 478 τις
976 406 1077 490 τάφος
1099 408 1192 493 α’φω.
1281 387 1285 393 .

90 501 247 579 ρισμένοο
276 497 446 581 α’νεωχθῇ,
479 494 521 595 uic
553 498 702 577 τύμπανα
736 507 792 563 κατ’
814 504 956 584 μέλανες,
980 502 1194 586 ἀποβαλόντες
1229 549 1234 556 ·

90 596 186 658 ούύὲν
213 596 249 656 ἐκ
270 596 333 659 ταῖν
353 596 480 673 μελῶν,
503 597 578 658 addi
602 594 705 670 αύτάς
735 597 791 672 τάς
810 600 933 682 τρίχας,
956 606 1012 665 κατ’
1031 598 1093 687 ὅτι,
1113 605 1195 668 ἐπάν

88 693 178 777 αύτῷ
189 693 424 775 συγχωρήσωσι
442 695 483 755 δι’
502 694 598 775 τύχης
611 697 665 757 κατ’
682 692 875 780 ἐπικλήσεως
888 700 978 779 θεοῦ,
999 702 1107 765 λύεται
1129 699 1193 766 πά.

63 805 137 860 5λιν
160 796 218 861 καί
240 796 326 869 κόνις
347 786 498 876 γίνεται.Κ
520 798 751 874 μετεκαλέσατο
771 800 870 861 ταύτα
893 797 1118 880 ἐναυσάμενος
1138 799 1195 866 cde

87 894 306 977 πατριάρχην,
327 892 379 956 λ’να
401 890 436 955 τύ
458 884 599 957 τοιαύταν
623 893 768 980 πιστάση
791 896 887 981 αύτῷ.
930 891 967 970 άς
987 899 1025 977 δη
1047 899 1196 964 άπελθάν

88 991 142 1055 κατ’
161 997 268 1055 ταῦτα
288 992 428 1064 οἰκούσας
448 989 536 1073 παρά
554 993 612 1055 τού
627 990 797 1055 σοολτάνου
821 992 976 1074 ύπὲσχετο
998 998 1196 1079 φανεράσειν

88 1086 203 1177 αύτῷ,
225 1087 410 1170 εύρεθὲντος
440 1089 525 1165 τινάς
551 1090 800 1173 προτεθνηκάτος
826 1089 860 1157 ἐν
882 1094 1068 1179 α’φορισμού
1087 1097 1193 1176 βάρει.

90 1188 242 1263 ἐλθόντος
264 1184 323 1254 σύν
341 1192 376 1253 ἐν
407 1192 622 1275 πατριαρχειήι
645 1192 704 1252 τού
727 1189 1029 1272 πατριάρχου,καί
1052 1196 1196 1275 σκέψεως

50 1298 80 1349 10
88 1292 258 1371 γινομένης
271 1288 349 1370 περύ
358 1310 443 1361 τινος
459 1288 646 1373 φθάσαντος
657 1292 840 1370 τελευτῆσαι
852 1293 886 1351 ἐν
897 1285 992 1370 βάρει
1002 1293 1195 1375 ύφορισμού,

88 1388 308 1469 ε’νενοηθησαν
334 1382 384 1449 ὅτι
405 1384 483 1470 γονή
508 1410 556 1461 τις
577 1384 711 1470 α’σελγης
741 1380 824 1452 ούσα
846 1389 1018 1472 διεφημισε
1038 1394 1095 1453 καί
1115 1388 1194 1453 κατά

70 1486 298 1567 ,πατριάρχοσ
318 1482 369 1548 ύτι
394 1480 575 1567 συνεγένετο
590 1481 683 1573 αύτῇ,
705 1478 742 1567 ἧς
762 1488 871 1570 φήμης
895 1489 1123 1571 ύιασπαρούσης
1145 1512 1194 1551 τι·

86 1586 137 1655 νὲς
162 1584 341 1647 ἐπίστευον.
386 1582 543 1657 ὅςταῦτα
575 1582 715 1659 α’κούσας
745 1584 938 1667 ἐξεφώνησεν
958 1584 1138 1670 άφορισμύν
1160 1584 1194 1650 ἐν

85 1684 148 1765 μιᾷ
171 1684 236 1745 τῶν
256 1678 384 1765 ἑορτῶν.
427 1685 482 1744 καί
502 1680 541 1764 (λη’
565 1683 599 1747 ἐκ
619 1687 738 1746 πολλοῦ
760 1680 986 1767 ἀποθανούσης
1007 1689 1064 1761 τῆς
1083 1682 1239 1765 ponas-28

49 1798 78 1848 15
87 1778 143 1853 κύς
165 1776 299 1863 ταύτης,
321 1776 364 1857 τάς
387 1782 567 1857 ἐλπίζοντος
586 1785 643 1844 τοῦ
663 1780 865 1861 πατριάρχου
895 1774 945 1843 ὅτι
967 1782 1001 1844 ἐν
1021 1775 1195 1866 άφορισμρῖ

84 1886 178 1960 μένει
202 1871 254 1941 οἶα
277 1880 447 1960 κατήγορος
470 1879 615 1942 τοιούτου
639 1876 764 1962 άνύρύς,
784 1880 898 1964 η’νὲῳξε
919 1876 954 1941 τύ
976 1885 1095 1961 μνῆμα.
1137 1878 1193 1940 κατ’

87 1971 131 2059 (τά
153 1979 218 2039 ταῖν
243 1978 437 2056 θαυμασίων
467 1980 563 2059 θεοῦ)
593 1974 710 2061 εὑρέθη
733 1974 777 2050 sic
801 1976 913 2059 ἐτέθη,
932 1978 1136 2058 ἐξωγκωμένη
1157 1976 1195 2038 ‹ts

84 2078 187 2154 μόνον
209 2078 265 2138 κατ’
286 2080 433 2155 μύλαινα,
452 2074 499 2155 μη
520 2078 727 2155 α’ποβαλούσα
750 2076 826 2139 ούύὸ
848 2075 906 2150 τάς
926 2076 961 2139 ἐν
980 2077 1103 2159 κεφαλῇ
1122 2073 1192 2155 τρί-

84 2197 159 2253 χας.
206 2171 263 2237 κατ’
293 2169 364 2237 τύτε
395 2175 434 2257 (λη’
465 2172 677 2256 ύιεμηνύσατο
707 2178 752 2261 spi
781 2174 958 2262 σοολτάνρν,
984 2170 1021 2246 ic
1050 2170 1192 2253 ἔπεμψεν

43 2274 193 2346 λοῖύύοος
223 2270 418 2355 α’νθριύποος
440 2271 499 2345 καί
527 2271 702 2337 ἐθεάσαντο
733 2274 853 2357 αύτήν,
878 2273 912 2337 ot
928 2276 982 2338 κατ’
999 2270 1194 2352 θεασάμενοι

85 2368 209 2456 ταύτην
229 2370 447 2456 ἐξεπλάγησαν
469 2370 523 2436 καί
543 2372 750 2454 ἐθαύμασαν·
804 2375 859 2438 κατ’
879 2372 985 2438 ἔθεντο
1007 2373 1041 2436 ἐν
1058 2368 1192 2456 κιβωτίῳ

85 2469 142 2534 κατ’
163 2467 352 2557 ησφάλιοαν
373 2468 450 2535 αύτὸ
471 2469 526 2535 διά
547 2470 685 2554 βούλλας
707 2475 764 2568 τού
793 2474 960 2551 βασιλέως.
1001 2468 1114 2550 ἔταξαν
1136 2453 1193 2529 νύν

87 2754 154 2808 que,
174 2739 304 2807 sepulcro
329 2739 392 2790 talis
417 2739 538 2791 hominis
566 2748 671 2810 aperto,
698 2739 812 2791 cadaver
831 2741 917 2792 instar
930 2739 1051 2810 tympani
1070 2738 1193 2790 inllstnm

87 2819 117 2860 et
139 2809 259 2876 nigrum,
278 2811 356 2859 nullo
378 2809 500 2861 membro
519 2811 626 2873 amisso,
652 2826 686 2860 ne
705 2813 765 2878 ipso
787 2810 897 2879 quidem
915 2811 1026 2878 capillo.
1062 2825 1151 2860 rursus
1168 2810 1192 2860 si

84 2881 196 2930 veniam
221 2880 348 2948 precibus
369 2889 396 2930 et
419 2881 591 2930 invocatione
611 2880 728 2931 numinis
747 2880 831 2930 divini
852 2882 877 2930 ei
898 2881 1051 2947 impetrent,
1069 2877 1190 2929 dissolu·

85 2953 194 3000 tionem
218 2949 356 2999 cadaveris
377 2951 405 2999 in
425 2951 543 2999 cinerem
562 2951 627 3000 lieri.
665 2951 762 3001 accivit
777 2949 820 3000 his
839 2948 939 2999 auditis
956 2948 1140 3016 patriarcham,
1160 2955 1191 2998 ut
1223 3012 1225 3015 Ι

84 3021 147 3069 eius
170 3019 211 3069 rei
232 3019 285 3069 sibi
309 3019 343 3067 ab
366 3035 398 3068 eo
425 3013 492 3068 tides
524 3019 608 3078 fieret.
645 3020 693 3087 qui
711 3022 841 3080 veniens,
862 3017 954 3068 audita
974 3017 1073 3067 sullani
1093 3023 1190 3084 postu-

84 3089 211 3148 latione,
233 3105 262 3139 se
281 3089 395 3158 planum
413 3090 438 3138 ei
465 3089 597 3138 facturum
625 3089 758 3155 promisit,
778 3096 808 3138 ut
828 3089 943 3155 primun
963 3087 1062 3156 aliquis
1079 3102 1190 3136 succur-

85 3167 161 3209 reret
183 3157 337 3227 aliquando
353 3158 531 3208 anathematis
550 3158 625 3208 oneri
645 3159 810 3207 immortuus.
849 3173 954 3207 reverso
973 3158 1002 3206 in
1024 3155 1189 3207 domicilium

82 3246 166 3278 suum
188 3227 366 3296 patriarcba,
385 3228 549 3294 cogitatione
576 3234 604 3276 et
622 3224 803 3294 dispicientia,
824 3227 847 3276 si
867 3228 930 3296 quis
948 3226 1101 3294 praeteritis
1120 3234 1190 3276 tem·

81 3295 203 3368 po'ribus
224 3314 256 3348 eu
272 3299 345 3348 mole
368 3314 474 3366 pressus
494 3295 615 3355 obiisset,
633 3303 766 3364 suscepte,
784 3296 907 3364 patribus
926 3297 956 3347 in
974 3303 1092 3346 mentem
1113 3295 1190 3347 venit

80 3369 212 3418 mulieris
230 3367 372 3417 cuiusdam
392 3365 565 3427 libidinosae,
586 3381 656 3434 quae
673 3365 707 3416 de
727 3365 844 3435 quodam
862 3365 1022 3436 patriarcha,
1040 3365 1113 3416 bunc
1130 3366 1189 3432 ipsa

80 3438 273 3497 consuevisse,
292 3438 391 3487 lamam
410 3444 557 3505 sparserat3
581 3435 625 3484 cui
644 3436 730 3486 lamae
751 3453 806 3487 non
827 3453 842 3485 a
861 3437 967 3487 nemine
988 3435 1079 3493 fuerat,
1095 3433 1189 3484 habits

80 3507 161 3558 fides.
212 3508 235 3557 is
258 3523 340 3566 vero,
367 3505 541 3574 improbitate
566 3505 692 3572 cognita,
719 3503 884 3556 anathemati
911 3506 985 3555 illam
1003 3504 1121 3575 quodam
1142 3503 1189 3554 dis

79 3577 155 3628 sesto
179 3576 346 3629 subiecerat.
366 3592 436 3644 quae
455 3575 552 3624 mulier
568 3591 627 3624 cum
648 3575 730 3642 longo
751 3584 814 3626 ante
834 3584 955 3642 tempore
974 3591 989 3624 e
1010 3575 1076 3624 rivis
1096 3590 1189 3625 esces·
1256 3602 1260 3607 ·

79 3649 174 3708 sisset,
194 3644 350 3714 patriarcba
369 3645 526 3695 existimans
545 3660 615 3705 earn,
637 3646 701 3714 quia
721 3652 826 3696 tantum
846 3646 930 3695 virum
952 3642 1118 3707 infamasset,
1136 3643 1186 3693 ad·

78 3715 337 3788 hucxanathcmate
357 3713 530 3765 constrictam
549 3716 644 3777 teneri,
663 3715 815 3783 sepulcrum
837 3716 895 3766 eius
912 3714 1089 3782 aperiendum
1108 3729 1187 3764 cura·

78 3788 130 3837 vit.
161 3794 230 3837 tunc
250 3786 299 3836 illa
317 3784 346 3854 (o
364 3784 521 3834 miraculum
535 3782 590 3853 dei)
608 3785 682 3836 ineo
701 3793 774 3835 statu
792 3801 845 3854 quo
860 3783 984 3852 deposita
1003 3792 1108 3852 reperta
1126 3783 1187 3844 suit,

57 3856 189 3906 'tumida
210 3854 373 3922 turgidaque
394 3862 497 3904 tautum
517 3860 545 3905 et
566 3854 650 3920 nigre,
669 3853 891 3920 nondumetiem
908 3853 1027 3911 crinibus
1046 3853 1187 3920 decapite

78 3928 200 3976 arnissis.
250 3941 277 3974 re
307 3923 342 3974 ad
369 3925 505 3974 sultanum
536 3923 620 3972 allata
644 3915 718 3974 misit
742 3926 765 3973 is
792 3922 827 3972 ad
850 3922 1087 3992 contemplandam
1111 3923 1186 3974 illam

78 4006 174 4046 certos
195 3994 331 4045 homines,
369 3994 417 4062 qui
431 3993 608 4060 contemplati
622 3993 798 4044 admiratione
812 3992 1020 4061 obstupuerunt.
1056 3994 1185 4044 cadavere

80 4065 188 4116 deinde
208 4066 238 4115 in
258 4080 319 4115 arca
343 4065 431 4131 posito
453 4061 521 4114 hanc
539 4062 628 4130 sigillo
650 4064 723 4130 regio
744 4063 931 4127 muniverunt,
962 4062 1032 4112 diem
1050 4061 1200 4124 dixerunt„

123 4174 194 4224 llist.
209 4171 266 4242 pol.
288 4171 337 4223 ΟΡ.
982 4173 1000 4219 t
