2884 4775
263 209 332 275 100
704 206 916 271 lllSTORlll·

257 362 326 423 ἀλλ’
348 358 367 441 ἦ
389 353 462 421 θειά
482 351 591 438 σπάθη
624 357 681 418 τοῦ
707 358 786 419 θεοῦ
816 358 869 419 δέν
898 348 1019 441 ὅφηκεν
1050 350 1149 420 αὐτὸν
1180 355 1217 421 vd
1242 357 1346 444 ὑπάγῃ

257 463 302 534 εἰς
322 459 460 539 μάκρος,
489 454 527 519 νὰ
550 455 649 537 μηδὲν
679 457 737 517 τοῦ
758 455 964 541 α’νταιιοθώσγ
995 452 1030 519 τὸ
1054 454 1257 537 ἆνιαιιόδομοί
1280 480 1346 535 του,

256 556 363 630 καθώς
385 553 519 633 ἔκαμεν·
552 552 618 634 οἷμὴ
641 547 794 635 ιἰγλὴγορα
816 557 873 617 τοῦ
895 551 929 617 τὸ
953 553 1062 619 ἔδωκε.
1085 558 1144 639 μιᾷ
1164 554 1223 639 γὰρ
1243 557 1348 644 ἡμέρᾳ

257 660 442 734 ἑκαθέζειον
482 653 499 716 6
533 649 629 727 αὐτὸς
671 652 953 734 αρωιοβεστιὰριος
988 650 1067 732 μετα
1104 657 1197 718 τινῶν
1229 654 1348 738 α’ρχόν-

257 782 330 836 των,
353 758 406 816 καί
424 751 556 831 ἔπαιζον
576 749 614 816 τοὶ
636 750 754 831 α’ζοίριοι
777 746 872 835 ἤγουν
894 749 929 815 τὸ
961 757 1073 835 ταυλῆ.
1123 758 1178 817 καί
1198 756 1373 833 παίζονταο

258 851 405 929 «inlesos,
427 852 465 917 νιὲ
496 851 597 939 ἐπάρῃ
617 852 656 916 τοὶ
678 848 816 933 ἅζάρια,
837 850 874 916 νοὶ
897 851 933 915 r6
960 852 1058 937 ῥήξει.
1101 856 1155 917 καί
1174 857 1241 919 ἐκεῖ
1270 854 1350 917 6αοῦ

168 1033 172 1039 ν
258 952 384 1017 sinimus
404 950 438 1017 τὸ
460 958 540 1037 χέρη
560 978 627 1033 του,
649 954 682 1015 έν
703 954 746 1037 τῷ
765 948 830 1032 ἅμα
854 952 1012 1033 duetore,
1034 946 1128 1037 ἄγρια
1150 958 1206 1019 καί
1227 954 1350 1041 φοβεροὶ

256 1053 410 1136 τρύξοντα
430 1052 468 1116 τοὶ
489 1050 597 1115 δόντια
627 1050 735 1116 αὐτοῦ.
781 1044 807 1113 oi
830 1054 887 1133 τῆς
906 1055 1130 1133 μακροθυμίας
1152 1075 1228 1135 σου,
1247 1054 1349 1135 κύριε.

257 1156 355 1234 μέγας
376 1147 413 1233 εἶ,
434 1150 533 1235 κύριε,
555 1156 609 1215 καί
632 1152 784 1235 φοβερός·
822 1154 887 1213 (καί
906 1151 953 1225 τίς
986 1149 1198 1233 ὖιιοοιήσετοιι
1221 1156 1277 1235 τῆς
1299 1155 1350 1216 δι-

258 1257 349 1327 καιάς
373 1253 468 1334 ὀργῆς
489 1277 565 1331 οους
571 1254 668 1338 λέγει
690 1276 741 1314 και
765 1246 781 1313 6
808 1255 894 1324 θεῖος
920 1253 1025 1332 Δαβέδ
1044 1251 1139 1329 ((θεός
1162 1255 1391 1337 έκδικὴοειονιο

258 1352 386 1431 κέριος’.’
408 1358 461 1417 καί
489 1350 526 1417 τοὶ
559 1347 640 1434 ἑξῆς.
690 1376 742 1415 και
775 1350 794 1433 ἦ
819 1348 892 1413 θειά
919 1350 1026 1436 γραφὴ
1060 1356 1143 1435 λέγει
1169 1352 1256 1435 “ego
1286 1352 1367 1445 γὰρ

258 1451 334 1525 θεὸς
353 1447 520 1515 ἔκδικον
501 1458 620 1534 ομμα,”
640 1444 764 1535 ηγουνὸ
787 1448 904 1525 θεὸς”
885 1474 951 1532 εχει
971 1450 1094 1536 ὄμμοὶιη
1115 1450 1285 1534 ἔκδικον,
1269 1463 1353 1517 οιιοιῖ

258 1552 415 1618 παιδεύει.
478 1611 480 1614 .
542 1599 544 1602 -
626 1601 629 1616 .

343 1662 414 1722 Καὶ
433 1656 517 1733 τινάς
541 1656 605 1720 α’πὸ
624 1654 698 1730 τούς
719 1659 949 1746 καθεζομένους
978 1656 1058 1780 6rrg6
1077 1658 1209 1738 ἔπαιζον
1229 1657 1268 1721 r6
1292 1662 1353 1724 ruri

259 1758 356 1821 αὐτοῦ
378 1760 691 1879 αρωτοβεστιαριογ,
715 1783 766 1821 και
798 1752 929 1821 ἄλλοιε
913 1763 995 1820 οιιοῦ
1021 1749 1101 1840 ἦσαν
1122 1762 1196 1840 ἐκεῖ,
1220 1761 1353 1833 ουδενας
1364 1780 1394 1831 15

258 1851 322 1921 εἶδε
345 1858 409 1932 πῶς
431 1884 485 1922 ιον
472 1850 604 1938 ἦλθεν
638 1856 654 1919 6
685 1852 867 1930 θοίναιος·Ι
899 1857 979 1942 ἄμμ’,
1003 1859 1109 1932 καθώς
1130 1856 1184 1921 τόν
1204 1858 1278 1923 idue
1299 1862 1355 1921 καί

259 1959 413 2031 αἰιέθανε,
443 1952 510 2020 ὅλοι
533 1956 711 2039 ἑτρόμαξαν
740 1980 792 2020 και
816 1945 1020 2041 ἐφοβήθησαν
1052 1956 1150 2043 φόβον
1170 1964 1278 2040 μέγαν,
1299 1960 1354 2022 καί

259 2056 336 2140 πρὸς
359 2055 410 2121 τὸν
431 2056 507 2120 θεὸν
527 2054 698 2139 ὃλοιγύχως
719 2055 953 2141 ἐδεήθησαν,
939 2083 990 2121 ινα
1012 2042 1173 2176 λυιριόση
1178 2057 1297 2131 ου’τούς
1316 2057 1351 2123 ἐκ

261 2162 317 2240 τῆς
348 2155 493 2240 τοιαύτης
523 2156 703 2241 φοβεροῖς’
685 2161 849 2240 οργῆς.ο
833 2155 1010 2231 ὁθοὶνατος
1038 2156 1097 2241 γοὶρ
1119 2156 1231 2222 τούτου
1256 2152 1354 2241 ηὶθεν

231 2295 236 2300 -
262 2258 426 2339 ἀοράτως,
456 2260 511 2319 καί
539 2258 661 2340 ἐσφάγη
681 2254 790 2331 καθώς
812 2255 866 2319 τὸν
884 2254 1052 2321 Ἰουλιανὸν
1075 2254 1129 2323 τόν
1151 2260 1351 2341 παραβάτην,
1363 2279 1394 2332 20

261 2355 317 2422 sat
345 2355 509 2441 ιἰοτερὴθιγ
546 2352 597 2419 διαὶ
630 2354 688 2438 τήν
710 2357 885 2436 έιιιθυμιάν
903 2379 958 2420 του
980 2354 1034 2420 καί
1057 2353 1112 2421 τόν
1134 2358 1275 2439 παρόντα
1299 2356 1354 2420 κό.

263 2480 343 2535 ομον
365 2460 419 2519 καί
440 2455 495 2520 τὸν
522 2459 692 2535 μέλλοντα,
721 2459 776 2518 καί
798 2452 960 2520 αἰιόλαυσε
979 2454 1012 2520 τὸ
1028 2457 1165 2523 ,αἰώνιον
1187 2459 1251 2542 πῦρ
1273 2455 1353 2537 μετὰ

264 2560 328 2620 τῶν
347 2557 550 2639 ,παρανόμων
572 2553 698 2639 ἐχθρῶν
725 2559 781 2640 τῆς
811 2550 962 2640 ἀληθείας
991 2556 1044 2621 καί
1063 2561 1121 2621 τοῦ
1139 2561 1225 2620 θεοῦ.

263 2764 366 2850 gladius
389 2781 463 2832 abire
490 2782 560 2841 sivit,
593 2797 647 2849 quo
667 2780 755 2831 minus
774 2781 799 2831 ei
817 2780 926 2864 dignum
946 2781 1015 2833 facto
1033 2783 1180 2850 praemium
1198 2781 1283 2845 deret,
1302 2782 1351 2833 sed

263 2855 336 2904 brevi
357 2861 385 2904 et
402 2854 525 2903 celeriter
543 2851 628 2901 dedit
676 2853 792 2920 quodam
820 2855 889 2902 euim
908 2853 952 2902 die
970 2853 1066 2905 sedens
1084 2855 1131 2904 ille
1153 2871 1211 2904 cum
1234 2853 1352 2924 quibus-

263 2925 501 2992 damprimoribus
530 2925 589 2972 alea
618 2935 645 2974 et
662 2924 767 2974 tesseris
793 2923 913 2974 ludebat.
951 2932 1014 2975 tunc
1044 2924 1165 2976 extendit
1184 2941 1303 2988 manum,
1324 2933 1354 2975 ut

263 3005 377 3048 tesseras
399 2995 582 3078 prelsenderet
607 3004 633 3046 et
654 2993 767 3059 iaceret3
790 2993 906 3060 (lausque
927 2995 1060 3056 extendit,
1080 2996 1208 3046 contiuuo
1228 2997 1353 3055 moritur,

264 3067 420 3117 horribilem
453 3069 480 3116 iu
506 3065 615 3115 modurn
641 3065 757 3115 stridens
792 3063 928 3114 dentibus.
971 3067 1163 3134 spatientiam
1190 3067 1253 3129 dei,
1271 3083 1300 3117 se
1319 3066 1360 3115 ab

264 3137 403 3188 irascendo
422 3139 449 3184 in
477 3138 676 3202 longiusetiam
696 3136 863 3186 sustinentis.
891 3152 1058 3199 maguuses,
1077 3137 1193 3196 domine,
1214 3145 1241 3187 et
1261 3137 1356 3186 formi-

266 3207 378 3258 dandus.
416 3207 475 3273 quis
491 3209 589 3257 iustam
608 3209 673 3258 iram
693 3215 766 3258 tuam
786 3206 949 3257 sustinebit?
987 3207 1053 3258 dicit
1072 3216 1100 3258 et
1118 3207 1223 3258 divinus
1240 3207 1290 3264 ille
1303 3209 1357 3256 lla·

267 3278 367 3328 vides‘
371 3276 445 3326 deus
464 3277 599 3327 ultionum
630 3278 770 3329 dominus''
792 3287 819 3328 et
838 3294 906 3346 quae
927 3285 1083 3347 sequuntur
1119 3277 1270 3329 etalibiS.
1291 3279 1357 3328 tite-

270 3365 316 3398 rae
334 3346 485 3400 “vindicem
506 3347 588 3397 habet
607 3349 674 3398 deus
697 3349 812 3408 oculum,
833 3351 877 3417 qui
898 3350 1033 3416 castigat?

341 3442 424 3492 Nemo
438 3451 525 3492 autem
538 3440 707 3491 assidentium
721 3442 884 3492 collusorum
904 3461 954 3493 nec
975 3443 1043 3493 alius
1062 3451 1127 3494 tunc
1139 3441 1177 3492 ibi
1195 3443 1360 3493 versantium

272 3510 422 3582 q'uisquam,
436 3511 506 3563 unde
521 3513 597 3561 illum
609 3512 744 3562 letiferum
761 3513 844 3562 telunr
859 3515 985 3576 venisset,
1001 3515 1085 3564 vidit:
1107 3513 1154 3563 sed
1169 3521 1199 3564 ut
1217 3515 1362 3582 repentino

246 3598 248 3603 ’
273 3585 450 3633 exanimatum
480 3582 623 3642 viderunt,
651 3599 745 3634 omnes
776 3593 974 3646 contremuere,
997 3601 1092 3650 magno
1118 3584 1214 3636 timore
1233 3585 1360 3651 perculsi,

273 3654 418 3722 deumque
427 3670 459 3702 ex
478 3661 533 3704 toto
554 3655 642 3704 animo
662 3656 828 3715 invocarunt,
859 3655 1006 3706 custoditos
1027 3664 1051 3706 et
1075 3655 1173 3706 liberos
1195 3655 1281 3705 vellet
1299 3672 1327 3706 se
1346 3671 1360 3704 a

273 3735 327 3776 tam
347 3723 512 3772 horrenda'
506 3741 544 3773 rra
571 3742 637 3776 esse.
675 3725 801 3790 interitus
820 3727 920 3808 quippe
942 3727 999 3783 eius
1018 3742 1124 3777 omnem
1146 3725 1287 3776 oculorum
1309 3725 1361 3775 ob-

274 3804 362 3847 tutum
382 3795 495 3860 fugerat,
518 3797 658 3862 repentine
675 3796 802 3859 veniens;
830 3796 964 3866 similique
992 3799 1084 3848 mortis
1113 3813 1218 3880 genere,
1239 3813 1294 3864 quo
1315 3797 1362 3845 Iu-

274 3867 364 3916 lianus
382 3874 557 3931 transgressor
574 3874 601 3916 et
618 3873 739 3934 apostata
754 3833 897 3934 qu6udam,
918 3869 1050 3919 extinctus
1070 3877 1118 3919 est.
1154 3867 1208 3929 ita,
1219 3866 1282 3916 dum
1304 3883 1362 3916 sce-

243 3932 377 3988 leratac
399 3935 540 4004 cupiditati
567 3954 630 3986 suae
650 3932 789 4002 indulget,
818 3938 937 4005 priuatus
958 3947 999 3989 est
1031 3948 1084 3989 turn
1112 3937 1163 3988 hoc
1190 3946 1246 3986 tum
1269 3937 1362 3988 futuro

277 4008 393 4067 saeculo,
407 4007 593 4074 sempiterno
587 4008 651 4075 igni,
671 4023 732 4057 curn
746 4009 818 4060 omni
832 4009 957 4060 nelarie
950 4011 1116 4060 mimicorum
1131 4009 1253 4060 veritatis
1273 4017 1302 4060 et
1318 4008 1363 4059 dei

278 4097 364 4147 grege,
385 4078 561 4129 adiudicatus.
