<?xml version="1.0" encoding="UTF-8"?>
<!DOCTYPE html PUBLIC "-//W3C//DTD XHTML 1.0 Transitional//EN"
    "http://www.w3.org/TR/xhtml1/DTD/xhtml1-transitional.dtd">
<html xmlns="http://www.w3.org/1999/xhtml" xml:lang="en" lang="en">
 <head>
  <title>
</title>
<meta http-equiv="Content-Type" content="text/html;charset=utf-8" />
  <meta name='ocr-system' content='tesseract 3.04.00' />
  <meta name='ocr-capabilities' content='ocr_page ocr_carea ocr_par ocr_line ocrx_word'/>
</head>
<body>
  <div class='ocr_page' id='page_1' title='image "./historiapolitic01bekkgoog_0170.png"; bbox 0 0 2884 4775; ppageno 0'>
   <div class='ocr_carea' id='block_1_1' title="bbox 272 209 281 237">
    <p class='ocr_par' dir='ltr' id='par_1_1' title="bbox 272 209 281 237">
     <span class='ocr_line' id='line_1_1' title="bbox 272 209 281 237; baseline 0 0"><span class='ocrx_word' id='word_1_1' title='bbox 272 209 281 237; x_wconf 86' lang='grc' dir='ltr'><strong><em>ί</em></strong></span> 
     </span>
    </p>
   </div>
   <div class='ocr_carea' id='block_1_2' title="bbox 279 219 915 297">
    <p class='ocr_par' dir='ltr' id='par_1_2' title="bbox 279 219 915 297">
     <span class='ocr_line' id='line_1_2' title="bbox 279 219 915 297; baseline -0.002 -3"><span class='ocrx_word' id='word_1_2' title='bbox 279 219 348 297; x_wconf 75' lang='lat'>160</span> <span class='ocrx_word' id='word_1_3' title='bbox 720 221 915 294; x_wconf 70' lang='lat' dir='ltr'>ursionis</span> 
     </span>
    </p>
   </div>
   <div class='ocr_carea' id='block_1_3' title="bbox 205 368 1410 2351">
    <p class='ocr_par' dir='ltr' id='par_1_3' title="bbox 205 368 1410 2351">
     <span class='ocr_line' id='line_1_3' title="bbox 273 368 1367 464; baseline 0.004 -22"><span class='ocrx_word' id='word_1_4' title='bbox 273 382 391 462; x_wconf 72' lang='grc' dir='ltr'><strong><em>ὑπῆγον</em></strong></span> <span class='ocrx_word' id='word_1_5' title='bbox 412 378 457 453; x_wconf 79' lang='grc' dir='ltr'>είς</span> <span class='ocrx_word' id='word_1_6' title='bbox 477 376 533 441; x_wconf 81' lang='grc' dir='ltr'><strong><em>τὸν</em></strong></span> <span class='ocrx_word' id='word_1_7' title='bbox 553 380 682 458; x_wconf 85' lang='grc' dir='ltr'><strong><em>πασιιῖν,</em></strong></span> <span class='ocrx_word' id='word_1_8' title='bbox 706 373 755 441; x_wconf 77' lang='grc' dir='ltr'>ὅτι</span> <span class='ocrx_word' id='word_1_9' title='bbox 771 371 837 459; x_wconf 77' lang='grc' dir='ltr'>εἶχε</span> <span class='ocrx_word' id='word_1_10' title='bbox 860 378 1039 463; x_wconf 75' lang='grc' dir='ltr'><em>παρρησίαν</em></span> <span class='ocrx_word' id='word_1_11' title='bbox 1054 378 1076 443; x_wconf 80' lang='grc' dir='ltr'>’ὃ</span> <span class='ocrx_word' id='word_1_12' title='bbox 1099 379 1298 464; x_wconf 74' lang='grc' dir='ltr'><em>πατριάρχης</em></span> <span class='ocrx_word' id='word_1_13' title='bbox 1323 368 1367 457; x_wconf 52' lang='grc' dir='ltr'>νίς</span> 
     </span>
     <span class='ocr_line' id='line_1_4' title="bbox 274 472 1368 559; baseline 0.001 -17"><span class='ocrx_word' id='word_1_14' title='bbox 274 478 451 542; x_wconf 78' lang='grc' dir='ltr'><strong><em>αιίιόν.καί</em></strong></span> <span class='ocrx_word' id='word_1_15' title='bbox 480 477 640 559; x_wconf 78' lang='grc' dir='ltr'><strong><em>άγαπάτον</em></strong></span> <span class='ocrx_word' id='word_1_16' title='bbox 661 478 761 539; x_wconf 86' lang='grc' dir='ltr'><strong><em>πολλά</em></strong></span> <span class='ocrx_word' id='word_1_17' title='bbox 784 484 858 558; x_wconf 85' lang='grc' dir='ltr'><strong><em>παρ’</em></strong></span> <span class='ocrx_word' id='word_1_18' title='bbox 885 476 985 541; x_wconf 77' lang='grc' dir='ltr'>αάτοῦ</span> <span class='ocrx_word' id='word_1_19' title='bbox 1004 480 1064 541; x_wconf 71' lang='lat' dir='ltr'>aad</span> <span class='ocrx_word' id='word_1_20' title='bbox 1084 484 1195 541; x_wconf 87' lang='grc' dir='ltr'><strong><em>πασιά.</em></strong></span> <span class='ocrx_word' id='word_1_21' title='bbox 1238 472 1368 559; x_wconf 66' lang='grc' dir='ltr'><strong><em>ἧκον-δὲ</em></strong></span> 
     </span>
     <span class='ocr_line' id='line_1_5' title="bbox 273 573 1369 661; baseline -0.001 -23"><span class='ocrx_word' id='word_1_22' title='bbox 273 578 290 638; x_wconf 80' lang='grc' dir='ltr'><strong><em>ὁ</em></strong></span> <span class='ocrx_word' id='word_1_23' title='bbox 318 579 569 659; x_wconf 76' lang='grc' dir='ltr'><strong><em>Τοολιριπασιιῖς,</em></strong></span> <span class='ocrx_word' id='word_1_24' title='bbox 593 574 609 637; x_wconf 79' lang='grc' dir='ltr'><strong><em>ὁ</em></strong></span> <span class='ocrx_word' id='word_1_25' title='bbox 632 579 755 657; x_wconf 73' lang='grc' dir='ltr'><strong><em>πρῶτος</em></strong></span> <span class='ocrx_word' id='word_1_26' title='bbox 777 579 914 659; x_wconf 79' lang='grc' dir='ltr'><strong><em>βοζίρης.</em></strong></span> <span class='ocrx_word' id='word_1_27' title='bbox 959 576 1013 638; x_wconf 84' lang='grc' dir='ltr'>καί</span> <span class='ocrx_word' id='word_1_28' title='bbox 1034 574 1076 651; x_wconf 75' lang='grc' dir='ltr'>ὥς</span> <span class='ocrx_word' id='word_1_29' title='bbox 1099 573 1204 661; x_wconf 72' lang='grc' dir='ltr'><strong><em>ἓνάθη</em></strong></span> <span class='ocrx_word' id='word_1_30' title='bbox 1224 582 1288 658; x_wconf 81' lang='grc' dir='ltr'>μετ’</span> <span class='ocrx_word' id='word_1_31' title='bbox 1311 583 1369 642; x_wconf 84' lang='grc' dir='ltr'><strong><em>ου’.</em></strong></span> 
     </span>
     <span class='ocr_line' id='line_1_6' title="bbox 273 670 1368 765; baseline -0.002 -24"><span class='ocrx_word' id='word_1_32' title='bbox 273 681 332 741; x_wconf 72' lang='grc' dir='ltr'>τοῦ</span> <span class='ocrx_word' id='word_1_33' title='bbox 362 682 416 740; x_wconf 79' lang='lat' dir='ltr'>rori</span> <span class='ocrx_word' id='word_1_34' title='bbox 446 677 568 754; x_wconf 83' lang='grc' dir='ltr'><strong><em>πασιά,</em></strong></span> <span class='ocrx_word' id='word_1_35' title='bbox 600 674 795 757; x_wconf 79' lang='grc' dir='ltr'><strong><em>ἦρμήνευσεν</em></strong></span> <span class='ocrx_word' id='word_1_36' title='bbox 823 677 925 739; x_wconf 80' lang='grc' dir='ltr'><strong><em>ου’τοῦ</em></strong></span> <span class='ocrx_word' id='word_1_37' title='bbox 956 670 1006 738; x_wconf 82' lang='grc' dir='ltr'>ὅτι</span> <span class='ocrx_word' id='word_1_38' title='bbox 1033 677 1072 741; x_wconf 88' lang='grc' dir='ltr'><strong><em>νά</em></strong></span> <span class='ocrx_word' id='word_1_39' title='bbox 1092 674 1174 765; x_wconf 76' lang='grc' dir='ltr'><strong><em>’ἔλθῃ</em></strong></span> <span class='ocrx_word' id='word_1_40' title='bbox 1197 680 1242 752; x_wconf 83' lang='grc' dir='ltr'>εἰς</span> <span class='ocrx_word' id='word_1_41' title='bbox 1263 676 1298 741; x_wconf 81' lang='grc' dir='ltr'>τά</span> <span class='ocrx_word' id='word_1_42' title='bbox 1321 681 1368 741; x_wconf 85' lang='grc' dir='ltr'>δι-</span> 
     </span>
     <span class='ocr_line' id='line_1_7' title="bbox 273 768 1392 861; baseline -0.003 -21"><span class='ocrx_word' id='word_1_43' title='bbox 273 772 362 860; x_wconf 82' lang='grc' dir='ltr'><strong><em>βάνη,</em></strong></span> <span class='ocrx_word' id='word_1_44' title='bbox 385 778 441 837; x_wconf 88' lang='grc' dir='ltr'>καί</span> <span class='ocrx_word' id='word_1_45' title='bbox 463 774 502 837; x_wconf 86' lang='grc' dir='ltr'><strong><em>νά</em></strong></span> <span class='ocrx_word' id='word_1_46' title='bbox 527 778 613 839; x_wconf 70' lang='lat' dir='ltr'>siuet</span> <span class='ocrx_word' id='word_1_47' title='bbox 625 768 683 853; x_wconf 81' lang='grc' dir='ltr'><strong><em>ὅτι,</em></strong></span> <span class='ocrx_word' id='word_1_48' title='bbox 707 770 784 837; x_wconf 75' lang='grc' dir='ltr'><strong><em>ὅταν</em></strong></span> <span class='ocrx_word' id='word_1_49' title='bbox 805 768 903 855; x_wconf 74' lang='grc' dir='ltr'><strong><em>ἢλθεν</em></strong></span> <span class='ocrx_word' id='word_1_50' title='bbox 927 773 943 835; x_wconf 82' lang='grc' dir='ltr'>ὁ</span> <span class='ocrx_word' id='word_1_51' title='bbox 965 781 1102 841; x_wconf 86' lang='grc' dir='ltr'><strong><em>σουλτάν</em></strong></span> <span class='ocrx_word' id='word_1_52' title='bbox 1118 780 1307 861; x_wconf 77' lang='grc' dir='ltr'><strong><em>Μεχκμὲιης</em></strong></span> <span class='ocrx_word' id='word_1_53' title='bbox 1330 776 1392 841; x_wconf 74' lang='lat' dir='ltr'>adt</span> 
     </span>
     <span class='ocr_line' id='line_1_8' title="bbox 230 870 1367 961; baseline 0.003 -26"><span class='ocrx_word' id='word_1_54' title='bbox 230 931 232 935; x_wconf 89' lang='lat'><em>.</em></span> <span class='ocrx_word' id='word_1_55' title='bbox 273 873 376 961; x_wconf 79' lang='grc' dir='ltr'><strong><em>ἐπάρῃ</em></strong></span> <span class='ocrx_word' id='word_1_56' title='bbox 398 873 454 955; x_wconf 72' lang='grc' dir='ltr'><strong><em>τὴν</em></strong></span> <span class='ocrx_word' id='word_1_57' title='bbox 477 872 575 954; x_wconf 83' lang='grc' dir='ltr'><strong><em>πόλιν,</em></strong></span> <span class='ocrx_word' id='word_1_58' title='bbox 595 876 640 947; x_wconf 76' lang='grc' dir='ltr'>εἰς</span> <span class='ocrx_word' id='word_1_59' title='bbox 659 873 716 957; x_wconf 67' lang='grc' dir='ltr'><strong><em>τήν</em></strong></span> <span class='ocrx_word' id='word_1_60' title='bbox 730 872 833 956; x_wconf 72' lang='grc' dir='ltr'><strong><em>ἀρχὴν</em></strong></span> <span class='ocrx_word' id='word_1_61' title='bbox 852 870 1130 955; x_wconf 78' lang='grc' dir='ltr'><strong><em>ἕδωκανπόλεμον,</em></strong></span> <span class='ocrx_word' id='word_1_62' title='bbox 1153 878 1208 938; x_wconf 83' lang='grc' dir='ltr'>καί</span> <span class='ocrx_word' id='word_1_63' title='bbox 1228 874 1367 956; x_wconf 78' lang='grc' dir='ltr'><em>ἐχάλασε</em></span> 
     </span>
     <span class='ocr_line' id='line_1_9' title="bbox 272 970 1368 1057; baseline 0 -20"><span class='ocrx_word' id='word_1_64' title='bbox 272 972 387 1057; x_wconf 81' lang='grc' dir='ltr'><strong><em>μερικά</em></strong></span> <span class='ocrx_word' id='word_1_65' title='bbox 404 972 467 1037; x_wconf 82' lang='grc' dir='ltr'>άπὸ</span> <span class='ocrx_word' id='word_1_66' title='bbox 490 974 526 1037; x_wconf 83' lang='grc' dir='ltr'>τά</span> <span class='ocrx_word' id='word_1_67' title='bbox 551 976 655 1055; x_wconf 80' lang='grc' dir='ltr'><strong><em>τειχία</em></strong></span> <span class='ocrx_word' id='word_1_68' title='bbox 676 976 785 1056; x_wconf 69' lang='grc' dir='ltr'><strong><em>αὐτῆς.</em></strong></span> <span class='ocrx_word' id='word_1_69' title='bbox 826 974 894 1037; x_wconf 78' lang='grc' dir='ltr'>τότε</span> <span class='ocrx_word' id='word_1_70' title='bbox 912 976 1042 1056; x_wconf 79' lang='grc' dir='ltr'><strong><em>ειίγῆιιεν</em></strong></span> <span class='ocrx_word' id='word_1_71' title='bbox 1063 970 1080 1036; x_wconf 84' lang='grc' dir='ltr'><strong><em>ά</em></strong></span> <span class='ocrx_word' id='word_1_72' title='bbox 1101 973 1252 1056; x_wconf 72' lang='grc' dir='ltr'><strong><em>βασιλεύς</em></strong></span> <span class='ocrx_word' id='word_1_73' title='bbox 1275 980 1368 1039; x_wconf 85' lang='grc' dir='ltr'><strong><em>Κων-</em></strong></span> 
     </span>
     <span class='ocr_line' id='line_1_10' title="bbox 272 1072 1369 1157; baseline 0 -18"><span class='ocrx_word' id='word_1_74' title='bbox 272 1084 433 1147; x_wconf 83' lang='grc' dir='ltr'><strong><em>σταντΐνος</em></strong></span> <span class='ocrx_word' id='word_1_75' title='bbox 452 1072 604 1153; x_wconf 84' lang='grc' dir='ltr'><strong><em>βασιόντα</em></strong></span> <span class='ocrx_word' id='word_1_76' title='bbox 637 1072 677 1136; x_wconf 82' lang='grc' dir='ltr'>τά</span> <span class='ocrx_word' id='word_1_77' title='bbox 699 1076 818 1137; x_wconf 79' lang='grc' dir='ltr'><strong><em>κλειδία</em></strong></span> <span class='ocrx_word' id='word_1_78' title='bbox 842 1076 899 1137; x_wconf 82' lang='grc' dir='ltr'>τοῦ</span> <span class='ocrx_word' id='word_1_79' title='bbox 920 1072 1077 1156; x_wconf 82' lang='grc' dir='ltr'><strong><em>κάστρου,</em></strong></span> <span class='ocrx_word' id='word_1_80' title='bbox 1099 1076 1154 1137; x_wconf 84' lang='grc' dir='ltr'>καί</span> <span class='ocrx_word' id='word_1_81' title='bbox 1177 1072 1369 1157; x_wconf 80' lang='grc' dir='ltr'><strong><em>ἑπρσσκάνη-</em></strong></span> 
     </span>
     <span class='ocr_line' id='line_1_11' title="bbox 273 1170 1368 1262; baseline 0 -25"><span class='ocrx_word' id='word_1_82' title='bbox 273 1197 327 1237; x_wconf 82' lang='grc' dir='ltr'><strong><em>σεν</em></strong></span> <span class='ocrx_word' id='word_1_83' title='bbox 348 1170 442 1237; x_wconf 72' lang='lat' dir='ltr'>adadu</span> <span class='ocrx_word' id='word_1_84' title='bbox 472 1172 526 1237; x_wconf 86' lang='grc' dir='ltr'><strong><em>τάν</em></strong></span> <span class='ocrx_word' id='word_1_85' title='bbox 546 1174 715 1238; x_wconf 87' lang='grc' dir='ltr'><strong><em>σουλτάνον</em></strong></span> <span class='ocrx_word' id='word_1_86' title='bbox 746 1176 800 1262; x_wconf 79' lang='grc' dir='ltr'>καί</span> <span class='ocrx_word' id='word_1_87' title='bbox 819 1173 875 1235; x_wconf 81' lang='grc' dir='ltr'>τοῦ</span> <span class='ocrx_word' id='word_1_88' title='bbox 894 1170 931 1236; x_wconf 83' lang='grc' dir='ltr'>τά</span> <span class='ocrx_word' id='word_1_89' title='bbox 955 1175 1156 1255; x_wconf 77' lang='grc' dir='ltr'><strong><em>ἐπαρέδωκε,</em></strong></span> <span class='ocrx_word' id='word_1_90' title='bbox 1180 1172 1235 1235; x_wconf 82' lang='grc' dir='ltr'>καί</span> <span class='ocrx_word' id='word_1_91' title='bbox 1249 1176 1368 1259; x_wconf 73' lang='grc' dir='ltr'><em>ἐδέχθη</em></span> 
     </span>
     <span class='ocr_line' id='line_1_12' title="bbox 272 1268 1410 1357; baseline -0.004 -20"><span class='ocrx_word' id='word_1_92' title='bbox 272 1272 372 1337; x_wconf 76' lang='grc' dir='ltr'><strong><em>αὐτόν</em></strong></span> <span class='ocrx_word' id='word_1_93' title='bbox 393 1269 408 1336; x_wconf 80' lang='grc' dir='ltr'><em>ὃ</em></span> <span class='ocrx_word' id='word_1_94' title='bbox 428 1272 598 1349; x_wconf 87' lang='grc' dir='ltr'><strong><em>σουλτάνος</em></strong></span> <span class='ocrx_word' id='word_1_95' title='bbox 630 1276 879 1345; x_wconf 81' lang='grc' dir='ltr'><strong><em>α’σπασίωςκαί</em></strong></span> <span class='ocrx_word' id='word_1_96' title='bbox 909 1272 985 1348; x_wconf 80' lang='grc' dir='ltr'>τούς</span> <span class='ocrx_word' id='word_1_97' title='bbox 1019 1268 1173 1357; x_wconf 84' lang='grc' dir='ltr'><strong><em>άρχσνιας</em></strong></span> <span class='ocrx_word' id='word_1_98' title='bbox 1194 1274 1291 1337; x_wconf 75' lang='lat' dir='ltr'>adrui</span> <span class='ocrx_word' id='word_1_99' title='bbox 1314 1277 1369 1337; x_wconf 89' lang='grc' dir='ltr'>καί</span> <span class='ocrx_word' id='word_1_100' title='bbox 1379 1282 1410 1333; x_wconf 82' lang='grc'>10</span> 
     </span>
     <span class='ocr_line' id='line_1_13' title="bbox 205 1366 1370 1456; baseline 0.001 -22"><span class='ocrx_word' id='word_1_101' title='bbox 205 1370 326 1437; x_wconf 78' lang='grc' dir='ltr'><strong><em>158τὸν</em></strong></span> <span class='ocrx_word' id='word_1_102' title='bbox 345 1371 432 1436; x_wconf 89' lang='grc' dir='ltr'><strong><em>λαόν.</em></strong></span> <span class='ocrx_word' id='word_1_103' title='bbox 489 1371 544 1435; x_wconf 89' lang='grc' dir='ltr'>καί</span> <span class='ocrx_word' id='word_1_104' title='bbox 571 1373 615 1446; x_wconf 78' lang='grc' dir='ltr'>ὥς</span> <span class='ocrx_word' id='word_1_105' title='bbox 649 1366 785 1435; x_wconf 76' lang='grc' dir='ltr'><strong><em>ἄκουσεν</em></strong></span> <span class='ocrx_word' id='word_1_106' title='bbox 817 1371 1055 1456; x_wconf 79' lang='grc' dir='ltr'><strong><em>ὄπατριάρχης</em></strong></span> <span class='ocrx_word' id='word_1_107' title='bbox 1084 1370 1158 1446; x_wconf 75' lang='lat' dir='ltr'>roric</span> <span class='ocrx_word' id='word_1_108' title='bbox 1181 1371 1291 1453; x_wconf 80' lang='grc' dir='ltr'><strong><em>λόγους</em></strong></span> <span class='ocrx_word' id='word_1_109' title='bbox 1311 1376 1370 1435; x_wconf 77' lang='grc' dir='ltr'>τοῦ</span> 
     </span>
     <span class='ocr_line' id='line_1_14' title="bbox 270 1468 1369 1565; baseline 0.001 -31"><span class='ocrx_word' id='word_1_110' title='bbox 270 1474 383 1565; x_wconf 82' lang='grc' dir='ltr'><strong><em>πασιοῖ,</em></strong></span> <span class='ocrx_word' id='word_1_111' title='bbox 404 1470 497 1550; x_wconf 79' lang='grc' dir='ltr'><strong><em>ἔλαβε</em></strong></span> <span class='ocrx_word' id='word_1_112' title='bbox 518 1473 722 1555; x_wconf 82' lang='grc' dir='ltr'><strong><em>παράμικραν</em></strong></span> <span class='ocrx_word' id='word_1_113' title='bbox 745 1475 940 1554; x_wconf 76' lang='grc' dir='ltr'><em>παρηγορία·</em></span> <span class='ocrx_word' id='word_1_114' title='bbox 984 1473 1039 1535; x_wconf 88' lang='grc' dir='ltr'>καί</span> <span class='ocrx_word' id='word_1_115' title='bbox 1058 1468 1176 1555; x_wconf 78' lang='grc' dir='ltr'><strong><em>ἔδραμε</em></strong></span> <span class='ocrx_word' id='word_1_116' title='bbox 1199 1474 1241 1557; x_wconf 78' lang='grc' dir='ltr'>τῇ</span> <span class='ocrx_word' id='word_1_117' title='bbox 1264 1472 1369 1561; x_wconf 78' lang='grc' dir='ltr'><strong><em>ἡμέρρι</em></strong></span> 
     </span>
     <span class='ocr_line' id='line_1_15' title="bbox 239 1565 1369 1657; baseline -0.002 -22"><span class='ocrx_word' id='word_1_118' title='bbox 239 1577 245 1586; x_wconf 74' lang='lat'><strong><em>‘</em></strong></span> <span class='ocrx_word' id='word_1_119' title='bbox 271 1574 372 1657; x_wconf 67' lang='grc' dir='ltr'><strong><em>ἐκείνῃ</em></strong></span> <span class='ocrx_word' id='word_1_120' title='bbox 394 1573 439 1643; x_wconf 78' lang='grc' dir='ltr'>είς</span> <span class='ocrx_word' id='word_1_121' title='bbox 468 1568 562 1646; x_wconf 82' lang='grc' dir='ltr'><strong><em>ὅλους</em></strong></span> <span class='ocrx_word' id='word_1_122' title='bbox 586 1570 663 1645; x_wconf 78' lang='grc' dir='ltr'>τούς</span> <span class='ocrx_word' id='word_1_123' title='bbox 683 1565 861 1654; x_wconf 79' lang='grc' dir='ltr'><strong><em>μεγάλους,</em></strong></span> <span class='ocrx_word' id='word_1_124' title='bbox 892 1571 966 1647; x_wconf 80' lang='grc' dir='ltr'>τούς</span> <span class='ocrx_word' id='word_1_125' title='bbox 990 1570 1134 1653; x_wconf 76' lang='grc' dir='ltr'>πρώτους</span> <span class='ocrx_word' id='word_1_126' title='bbox 1162 1573 1217 1652; x_wconf 78' lang='grc' dir='ltr'>τῆς</span> <span class='ocrx_word' id='word_1_127' title='bbox 1238 1570 1369 1657; x_wconf 71' lang='grc' dir='ltr'><strong><em>πόρνας,</em></strong></span> 
     </span>
     <span class='ocr_line' id='line_1_16' title="bbox 268 1664 1368 1755; baseline -0.001 -22"><span class='ocrx_word' id='word_1_128' title='bbox 268 1671 324 1733; x_wconf 89' lang='grc' dir='ltr'>καί</span> <span class='ocrx_word' id='word_1_129' title='bbox 343 1673 388 1745; x_wconf 81' lang='grc' dir='ltr'>είς</span> <span class='ocrx_word' id='word_1_130' title='bbox 411 1673 486 1745; x_wconf 74' lang='grc' dir='ltr'>τούς</span> <span class='ocrx_word' id='word_1_131' title='bbox 514 1673 712 1749; x_wconf 83' lang='grc' dir='ltr'><strong><em>ἐπιλοίπους,</em></strong></span> <span class='ocrx_word' id='word_1_132' title='bbox 741 1674 795 1733; x_wconf 90' lang='grc' dir='ltr'>καί</span> <span class='ocrx_word' id='word_1_133' title='bbox 808 1708 811 1717; x_wconf 86' lang='lat'>·</span> <span class='ocrx_word' id='word_1_134' title='bbox 826 1668 980 1755; x_wconf 78' lang='grc' dir='ltr'><strong><em>φιλότιμοι</em></strong></span> <span class='ocrx_word' id='word_1_135' title='bbox 1008 1671 1122 1735; x_wconf 80' lang='grc' dir='ltr'><strong><em>ἔδωκεν</em></strong></span> <span class='ocrx_word' id='word_1_136' title='bbox 1144 1666 1213 1744; x_wconf 74' lang='grc' dir='ltr'><strong><em>ἑνὸς</em></strong></span> <span class='ocrx_word' id='word_1_137' title='bbox 1232 1664 1368 1735; x_wconf 75' lang='grc' dir='ltr'><strong><em>ἑκάστου</em></strong></span> 
     </span>
     <span class='ocr_line' id='line_1_17' title="bbox 268 1768 1407 1850; baseline -0.001 -18"><span class='ocrx_word' id='word_1_138' title='bbox 268 1768 349 1847; x_wconf 77' lang='grc' dir='ltr'><strong><em>κατά</em></strong></span> <span class='ocrx_word' id='word_1_139' title='bbox 370 1770 414 1834; x_wconf 75' lang='grc' dir='ltr'>τά</span> <span class='ocrx_word' id='word_1_140' title='bbox 427 1772 578 1850; x_wconf 53' lang='grc' dir='ltr'><strong><em>α’ξίιομια</em></strong></span> <span class='ocrx_word' id='word_1_141' title='bbox 1379 1780 1407 1831; x_wconf 79' lang='lat' dir='ltr'>ta</span> 
     </span>
     <span class='ocr_line' id='line_1_18' title="bbox 356 1861 1368 1955; baseline 0.001 -22"><span class='ocrx_word' id='word_1_142' title='bbox 356 1874 426 1933; x_wconf 86' lang='grc' dir='ltr'>Καί</span> <span class='ocrx_word' id='word_1_143' title='bbox 445 1875 499 1934; x_wconf 81' lang='grc' dir='ltr'>ἐπί</span> <span class='ocrx_word' id='word_1_144' title='bbox 514 1867 570 1951; x_wconf 65' lang='grc' dir='ltr'>τὴν</span> <span class='ocrx_word' id='word_1_145' title='bbox 589 1861 701 1951; x_wconf 68' lang='grc' dir='ltr'><strong><em>αὔριον</em></strong></span> <span class='ocrx_word' id='word_1_146' title='bbox 717 1865 840 1951; x_wconf 75' lang='grc' dir='ltr'><strong><em>ἐγένετο</em></strong></span> <span class='ocrx_word' id='word_1_147' title='bbox 859 1868 972 1955; x_wconf 77' lang='grc' dir='ltr'><strong><em>διβάνη</em></strong></span> <span class='ocrx_word' id='word_1_148' title='bbox 989 1866 1135 1955; x_wconf 79' lang='grc' dir='ltr'><strong><em>φοβεράν,</em></strong></span> <span class='ocrx_word' id='word_1_149' title='bbox 1156 1864 1202 1934; x_wconf 77' lang='grc' dir='ltr'>ὅτι</span> <span class='ocrx_word' id='word_1_150' title='bbox 1225 1868 1368 1954; x_wconf 73' lang='grc' dir='ltr'><strong><em>ἠκούσθη</em></strong></span> 
     </span>
     <span class='ocr_line' id='line_1_19' title="bbox 267 1964 1378 2055; baseline 0.003 -24"><span class='ocrx_word' id='word_1_151' title='bbox 267 1970 363 2031; x_wconf 73' lang='grc' dir='ltr'><strong><em>τοῦτο</em></strong></span> <span class='ocrx_word' id='word_1_152' title='bbox 397 1971 442 2045; x_wconf 84' lang='grc' dir='ltr'>εἰς</span> <span class='ocrx_word' id='word_1_153' title='bbox 471 1964 544 2052; x_wconf 82' lang='grc' dir='ltr'><strong><em>ὅλην</em></strong></span> <span class='ocrx_word' id='word_1_154' title='bbox 572 1968 628 2051; x_wconf 71' lang='grc' dir='ltr'><strong><em>τὴν</em></strong></span> <span class='ocrx_word' id='word_1_155' title='bbox 649 1968 758 2031; x_wconf 87' lang='grc' dir='ltr'><strong><em>πόλιν·</em></strong></span> <span class='ocrx_word' id='word_1_156' title='bbox 801 1970 1110 2053; x_wconf 48' lang='grc' dir='ltr'><strong><em>και“,έσυνάχθρσαν</em></strong></span> <span class='ocrx_word' id='word_1_157' title='bbox 1135 1974 1268 2052; x_wconf 76' lang='grc' dir='ltr'><strong><em>Τοάρκοι</em></strong></span> <span class='ocrx_word' id='word_1_158' title='bbox 1287 1968 1378 2055; x_wconf 58' lang='grc' dir='ltr'>Ῥοι-ν</span> 
     </span>
     <span class='ocr_line' id='line_1_20' title="bbox 266 2060 1372 2165; baseline 0.004 -38"><span class='ocrx_word' id='word_1_159' title='bbox 266 2076 359 2145; x_wconf 81' lang='grc' dir='ltr'>μαῖοι</span> <span class='ocrx_word' id='word_1_160' title='bbox 391 2069 554 2148; x_wconf 78' lang='grc' dir='ltr'>Ἀρμένιοι</span> <span class='ocrx_word' id='word_1_161' title='bbox 582 2068 723 2148; x_wconf 80' lang='grc' dir='ltr'>Ἑβραῖοι</span> <span class='ocrx_word' id='word_1_162' title='bbox 754 2072 807 2131; x_wconf 88' lang='grc' dir='ltr'>καί</span> <span class='ocrx_word' id='word_1_163' title='bbox 838 2072 924 2131; x_wconf 84' lang='grc' dir='ltr'><strong><em>πάσα</em></strong></span> <span class='ocrx_word' id='word_1_164' title='bbox 947 2060 1024 2132; x_wconf 86' lang='grc' dir='ltr'><strong><em>άλλο</em></strong></span> <span class='ocrx_word' id='word_1_165' title='bbox 1046 2072 1141 2151; x_wconf 75' lang='grc' dir='ltr'><strong><em>γένος.</em></strong></span> <span class='ocrx_word' id='word_1_166' title='bbox 1198 2072 1252 2131; x_wconf 86' lang='grc' dir='ltr'>καί</span> <span class='ocrx_word' id='word_1_167' title='bbox 1270 2066 1372 2165; x_wconf 83' lang='grc' dir='ltr'>τόσονι</span> 
     </span>
     <span class='ocr_line' id='line_1_21' title="bbox 272 2161 1369 2249; baseline 0.001 -21"><span class='ocrx_word' id='word_1_168' title='bbox 272 2170 395 2246; x_wconf 75' lang='grc' dir='ltr'><strong><em>πλῆθος</em></strong></span> <span class='ocrx_word' id='word_1_169' title='bbox 429 2161 502 2247; x_wconf 73' lang='grc' dir='ltr'><strong><em>ἦτον</em></strong></span> <span class='ocrx_word' id='word_1_170' title='bbox 523 2164 573 2229; x_wconf 82' lang='grc' dir='ltr'>ὅτι</span> <span class='ocrx_word' id='word_1_171' title='bbox 598 2167 657 2241; x_wconf 77' lang='grc' dir='ltr'>ἕως</span> <span class='ocrx_word' id='word_1_172' title='bbox 675 2164 746 2245; x_wconf 72' lang='grc' dir='ltr'>Δἔξω</span> <span class='ocrx_word' id='word_1_173' title='bbox 768 2170 813 2241; x_wconf 80' lang='grc' dir='ltr'>εἰς</span> <span class='ocrx_word' id='word_1_174' title='bbox 834 2166 890 2248; x_wconf 73' lang='grc' dir='ltr'><strong><em>τήν</em></strong></span> <span class='ocrx_word' id='word_1_175' title='bbox 918 2167 1009 2249; x_wconf 78' lang='grc' dir='ltr'><strong><em>ἁγίαν</em></strong></span> <span class='ocrx_word' id='word_1_176' title='bbox 1030 2172 1153 2249; x_wconf 79' lang='grc' dir='ltr'><strong><em>Σοφίαν</em></strong></span> <span class='ocrx_word' id='word_1_177' title='bbox 1173 2171 1333 2231; x_wconf 83' lang='grc' dir='ltr'><strong><em>ἐστέκετσν</em></strong></span> <span class='ocrx_word' id='word_1_178' title='bbox 1354 2189 1369 2229; x_wconf 90' lang='grc' dir='ltr'><strong><em>ο</em></strong></span> 
     </span>
     <span class='ocr_line' id='line_1_22' title="bbox 273 2264 1409 2351; baseline 0.004 -22"><span class='ocrx_word' id='word_1_179' title='bbox 273 2264 419 2343; x_wconf 80' lang='grc' dir='ltr'><strong><em>λαός,“νά</em></strong></span> <span class='ocrx_word' id='word_1_180' title='bbox 443 2265 597 2330; x_wconf 75' lang='grc' dir='ltr'><strong><em>ἀκούουσι</em></strong></span> <span class='ocrx_word' id='word_1_181' title='bbox 627 2266 683 2348; x_wconf 71' lang='grc' dir='ltr'>τῆν</span> <span class='ocrx_word' id='word_1_182' title='bbox 712 2266 872 2351; x_wconf 78' lang='grc' dir='ltr'><strong><em>ἀπόφασιν</em></strong></span> <span class='ocrx_word' id='word_1_183' title='bbox 905 2270 960 2330; x_wconf 82' lang='grc' dir='ltr'>τοῦ</span> <span class='ocrx_word' id='word_1_184' title='bbox 990 2272 1153 2349; x_wconf 81' lang='grc' dir='ltr'><strong><em>βασιλέως.</em></strong></span> <span class='ocrx_word' id='word_1_185' title='bbox 1206 2268 1222 2329; x_wconf 80' lang='grc' dir='ltr'>ὁ·</span> <span class='ocrx_word' id='word_1_186' title='bbox 1246 2268 1282 2329; x_wconf 81' lang='grc' dir='ltr'>δὲ</span> <span class='ocrx_word' id='word_1_187' title='bbox 1305 2280 1409 2334; x_wconf 77' lang='lat' dir='ltr'>rau-20</span> 
     </span>
    </p>
   </div>
   <div class='ocr_carea' id='block_1_4' title="bbox 269 2362 1367 2650">
    <p class='ocr_par' dir='ltr' id='par_1_4' title="bbox 269 2362 1367 2650">
     <span class='ocr_line' id='line_1_23' title="bbox 272 2362 1367 2461; baseline -0.005 -31"><span class='ocrx_word' id='word_1_188' title='bbox 272 2364 427 2450; x_wconf 74' lang='grc' dir='ltr'><strong><em>τριόρχης</em></strong></span> <span class='ocrx_word' id='word_1_189' title='bbox 448 2367 565 2449; x_wconf 73' lang='grc' dir='ltr'><strong><em>ὑπῆγεν</em></strong></span> <span class='ocrx_word' id='word_1_190' title='bbox 586 2368 631 2442; x_wconf 78' lang='grc' dir='ltr'>εἷς</span> <span class='ocrx_word' id='word_1_191' title='bbox 651 2366 686 2431; x_wconf 82' lang='grc' dir='ltr'>τά</span> <span class='ocrx_word' id='word_1_192' title='bbox 709 2367 831 2461; x_wconf 43' lang='grc' dir='ltr'><strong><em>διβάνηρ</em></strong></span> <span class='ocrx_word' id='word_1_193' title='bbox 855 2371 908 2430; x_wconf 89' lang='grc' dir='ltr'>καί</span> <span class='ocrx_word' id='word_1_194' title='bbox 933 2363 1151 2450; x_wconf 64' lang='grc' dir='ltr'><strong><em>προσκυνήσας</em></strong></span> <span class='ocrx_word' id='word_1_195' title='bbox 1172 2367 1291 2449; x_wconf 68' lang='grc' dir='ltr'><strong><em>ἐστάθη</em></strong></span> <span class='ocrx_word' id='word_1_196' title='bbox 1312 2362 1367 2447; x_wconf 79' lang='grc' dir='ltr'>ἔμ.</span> 
     </span>
     <span class='ocr_line' id='line_1_24' title="bbox 270 2465 1367 2552; baseline 0.002 -24"><span class='ocrx_word' id='word_1_197' title='bbox 270 2470 411 2546; x_wconf 70' lang='grc' dir='ltr'><strong><em>προσθεν</em></strong></span> <span class='ocrx_word' id='word_1_198' title='bbox 440 2472 503 2528; x_wconf 71' lang='grc' dir='ltr'><strong><em>ταῖν</em></strong></span> <span class='ocrx_word' id='word_1_199' title='bbox 523 2466 704 2552; x_wconf 79' lang='grc' dir='ltr'><strong><em>παοιάδων,</em></strong></span> <span class='ocrx_word' id='word_1_200' title='bbox 739 2470 795 2529; x_wconf 83' lang='grc' dir='ltr'>καί</span> <span class='ocrx_word' id='word_1_201' title='bbox 827 2465 955 2546; x_wconf 79' lang='grc' dir='ltr'><strong><em>ἔβλεπεν</em></strong></span> <span class='ocrx_word' id='word_1_202' title='bbox 976 2465 1110 2551; x_wconf 80' lang='grc' dir='ltr'><strong><em>αυίοάς,</em></strong></span> <span class='ocrx_word' id='word_1_203' title='bbox 1131 2466 1185 2530; x_wconf 84' lang='grc' dir='ltr'>καί</span> <span class='ocrx_word' id='word_1_204' title='bbox 1200 2466 1367 2546; x_wconf 74' lang='grc' dir='ltr'><strong><em>ἐθαύμαζε</em></strong></span> 
     </span>
     <span class='ocr_line' id='line_1_25' title="bbox 269 2562 1366 2650; baseline 0 -22"><span class='ocrx_word' id='word_1_205' title='bbox 269 2562 327 2646; x_wconf 66' lang='grc' dir='ltr'><strong><em>τήν</em></strong></span> <span class='ocrx_word' id='word_1_206' title='bbox 350 2564 444 2643; x_wconf 77' lang='grc' dir='ltr'><strong><em>δόξαν</em></strong></span> <span class='ocrx_word' id='word_1_207' title='bbox 465 2565 519 2629; x_wconf 86' lang='grc' dir='ltr'>καί</span> <span class='ocrx_word' id='word_1_208' title='bbox 540 2569 719 2650; x_wconf 74' lang='grc' dir='ltr'><strong><em>παρρησίαν</em></strong></span> <span class='ocrx_word' id='word_1_209' title='bbox 734 2565 845 2630; x_wconf 65' lang='lat' dir='ltr'>adactis.</span> <span class='ocrx_word' id='word_1_210' title='bbox 890 2571 943 2629; x_wconf 83' lang='grc' dir='ltr'>καί</span> <span class='ocrx_word' id='word_1_211' title='bbox 965 2567 980 2628; x_wconf 86' lang='grc' dir='ltr'>ὁ</span> <span class='ocrx_word' id='word_1_212' title='bbox 1003 2565 1089 2649; x_wconf 76' lang='grc' dir='ltr'><strong><em>ἴδρσς</em></strong></span> <span class='ocrx_word' id='word_1_213' title='bbox 1113 2572 1169 2630; x_wconf 80' lang='grc' dir='ltr'>τοῦ</span> <span class='ocrx_word' id='word_1_214' title='bbox 1192 2566 1366 2648; x_wconf 77' lang='grc' dir='ltr'><strong><em>προσώπου</em></strong></span> 
     </span>
    </p>
   </div>
   <div class='ocr_carea' id='block_1_5' title="bbox 267 2855 1366 3702">
    <p class='ocr_par' dir='ltr' id='par_1_5' title="bbox 267 2855 1366 3702">
     <span class='ocr_line' id='line_1_26' title="bbox 268 2855 1363 2924; baseline -0.005 -14"><span class='ocrx_word' id='word_1_215' title='bbox 268 2873 371 2918; x_wconf 78' lang='lat' dir='ltr'>accusa,</span> <span class='ocrx_word' id='word_1_216' title='bbox 391 2873 450 2906; x_wconf 90' lang='lat' dir='ltr'>cum</span> <span class='ocrx_word' id='word_1_217' title='bbox 469 2857 527 2924; x_wconf 85' lang='lat' dir='ltr'>ipso</span> <span class='ocrx_word' id='word_1_218' title='bbox 548 2857 671 2924; x_wconf 81' lang='lat' dir='ltr'><strong>principe</strong></span> <span class='ocrx_word' id='word_1_219' title='bbox 687 2857 793 2908; x_wconf 85' lang='lat' dir='ltr'>Xeuace</span> <span class='ocrx_word' id='word_1_220' title='bbox 812 2856 846 2905; x_wconf 93' lang='lat' dir='ltr'>ad</span> <span class='ocrx_word' id='word_1_221' title='bbox 859 2855 961 2906; x_wconf 75' lang='lat' dir='ltr'>bassam</span> <span class='ocrx_word' id='word_1_222' title='bbox 983 2856 1128 2924; x_wconf 75' lang='lat' dir='ltr'>equitavit:</span> <span class='ocrx_word' id='word_1_223' title='bbox 1150 2871 1270 2905; x_wconf 81' lang='lat' dir='ltr'>accessus</span> <span class='ocrx_word' id='word_1_224' title='bbox 1290 2857 1363 2905; x_wconf 84' lang='lat' dir='ltr'>enirn</span> 
     </span>
     <span class='ocr_line' id='line_1_27' title="bbox 267 2924 1365 2996; baseline -0.004 -16"><span class='ocrx_word' id='word_1_225' title='bbox 267 2931 293 2980; x_wconf 84' lang='lat' dir='ltr'>ei</span> <span class='ocrx_word' id='word_1_226' title='bbox 314 2928 384 2978; x_wconf 87' lang='lat' dir='ltr'>liber</span> <span class='ocrx_word' id='word_1_227' title='bbox 412 2927 537 2978; x_wconf 86' lang='lat' dir='ltr'>adhunc</span> <span class='ocrx_word' id='word_1_228' title='bbox 565 2928 695 2995; x_wconf 85' lang='lat' dir='ltr'>patebat,</span> <span class='ocrx_word' id='word_1_229' title='bbox 724 2937 751 2978; x_wconf 86' lang='lat' dir='ltr'>et</span> <span class='ocrx_word' id='word_1_230' title='bbox 780 2943 828 2996; x_wconf 88' lang='lat' dir='ltr'>per</span> <span class='ocrx_word' id='word_1_231' title='bbox 854 2925 887 2974; x_wconf 90' lang='lat' dir='ltr'>ab</span> <span class='ocrx_word' id='word_1_232' title='bbox 907 2942 939 2975; x_wconf 91' lang='lat' dir='ltr'>eo</span> <span class='ocrx_word' id='word_1_233' title='bbox 971 2941 1046 2976; x_wconf 83' lang='lat' dir='ltr'>carus</span> <span class='ocrx_word' id='word_1_234' title='bbox 1066 2924 1236 2976; x_wconf 87' lang='lat' dir='ltr'>habebatur.-</span> <span class='ocrx_word' id='word_1_235' title='bbox 1264 2927 1365 2976; x_wconf 82' lang='lat' dir='ltr'>eratis</span> 
     </span>
     <span class='ocr_line' id='line_1_28' title="bbox 267 2995 1364 3068; baseline 0 -22"><span class='ocrx_word' id='word_1_236' title='bbox 267 2998 369 3068; x_wconf 84' lang='lat' dir='ltr'>Tolphi</span> <span class='ocrx_word' id='word_1_237' title='bbox 389 2997 475 3058; x_wconf 87' lang='lat' dir='ltr'>bassa,</span> <span class='ocrx_word' id='word_1_238' title='bbox 494 3000 596 3066; x_wconf 89' lang='lat' dir='ltr'>primus</span> <span class='ocrx_word' id='word_1_239' title='bbox 615 3001 722 3048; x_wconf 74' lang='lat' dir='ltr'>vesires·</span> <span class='ocrx_word' id='word_1_240' title='bbox 760 2996 794 3048; x_wconf 87' lang='lat' dir='ltr'>ad</span> <span class='ocrx_word' id='word_1_241' title='bbox 822 2995 894 3046; x_wconf 90' lang='lat' dir='ltr'>bunc</span> <span class='ocrx_word' id='word_1_242' title='bbox 913 2997 1016 3045; x_wconf 81' lang='lat' dir='ltr'>bassani</span> <span class='ocrx_word' id='word_1_243' title='bbox 1038 3013 1097 3045; x_wconf 85' lang='lat' dir='ltr'>curn</span> <span class='ocrx_word' id='word_1_244' title='bbox 1117 2997 1242 3059; x_wconf 89' lang='lat' dir='ltr'>venisset,</span> <span class='ocrx_word' id='word_1_245' title='bbox 1262 3013 1364 3046; x_wconf 88' lang='lat' dir='ltr'>cousu-</span> 
     </span>
     <span class='ocr_line' id='line_1_29' title="bbox 267 3066 1363 3138; baseline -0.003 -17"><span class='ocrx_word' id='word_1_246' title='bbox 267 3071 319 3122; x_wconf 78' lang='lat' dir='ltr'>tuit</span> <span class='ocrx_word' id='word_1_247' title='bbox 330 3072 352 3120; x_wconf 91' lang='lat' dir='ltr'>is</span> <span class='ocrx_word' id='word_1_248' title='bbox 363 3068 539 3138; x_wconf 77' lang='lat' dir='ltr'>patriarchae,</span> <span class='ocrx_word' id='word_1_249' title='bbox 561 3069 700 3130; x_wconf 73' lang='lat' dir='ltr'>accederet</span> <span class='ocrx_word' id='word_1_250' title='bbox 715 3069 744 3118; x_wconf 91' lang='lat' dir='ltr'>in</span> <span class='ocrx_word' id='word_1_251' title='bbox 756 3076 879 3118; x_wconf 86' lang='lat' dir='ltr'>senarum</span> <span class='ocrx_word' id='word_1_252' title='bbox 893 3075 920 3116; x_wconf 92' lang='lat' dir='ltr'>et</span> <span class='ocrx_word' id='word_1_253' title='bbox 933 3066 1035 3116; x_wconf 84' lang='lat' dir='ltr'>diceret</span> <span class='ocrx_word' id='word_1_254' title='bbox 1048 3074 1157 3116; x_wconf 79' lang='lat' dir='ltr'>“veruna</span> <span class='ocrx_word' id='word_1_255' title='bbox 1174 3076 1230 3118; x_wconf 87' lang='lat' dir='ltr'>est:</span> <span class='ocrx_word' id='word_1_256' title='bbox 1251 3067 1363 3136; x_wconf 86' lang='lat' dir='ltr'>quando</span> 
     </span>
     <span class='ocr_line' id='line_1_30' title="bbox 267 3136 1363 3209; baseline -0.002 -17"><span class='ocrx_word' id='word_1_257' title='bbox 267 3160 312 3195; x_wconf 82' lang='lat' dir='ltr'>rex</span> <span class='ocrx_word' id='word_1_258' title='bbox 333 3141 501 3191; x_wconf 82' lang='lat' dir='ltr'>Mecberneta</span> <span class='ocrx_word' id='word_1_259' title='bbox 521 3150 626 3209; x_wconf 88' lang='lat' dir='ltr'>captum</span> <span class='ocrx_word' id='word_1_260' title='bbox 647 3141 720 3190; x_wconf 86' lang='lat' dir='ltr'>veuit</span> <span class='ocrx_word' id='word_1_261' title='bbox 738 3138 806 3188; x_wconf 90' lang='lat' dir='ltr'>hanc</span> <span class='ocrx_word' id='word_1_262' title='bbox 825 3136 928 3198; x_wconf 83' lang='lat' dir='ltr'>urbem,</span> <span class='ocrx_word' id='word_1_263' title='bbox 947 3137 1025 3187; x_wconf 84' lang='lat' dir='ltr'>initio</span> <span class='ocrx_word' id='word_1_264' title='bbox 1040 3139 1206 3206; x_wconf 78' lang='lat' dir='ltr'>oppugnatio</span> <span class='ocrx_word' id='word_1_265' title='bbox 1224 3137 1295 3188; x_wconf 88' lang='lat' dir='ltr'>facta</span> <span class='ocrx_word' id='word_1_266' title='bbox 1311 3149 1363 3200; x_wconf 84' lang='lat' dir='ltr'>est,</span> 
     </span>
     <span class='ocr_line' id='line_1_31' title="bbox 267 3209 1366 3280; baseline -0.004 -18"><span class='ocrx_word' id='word_1_267' title='bbox 267 3220 343 3280; x_wconf 84' lang='lat' dir='ltr'>parte</span> <span class='ocrx_word' id='word_1_268' title='bbox 369 3212 504 3261; x_wconf 82' lang='lat' dir='ltr'>moenium</span> <span class='ocrx_word' id='word_1_269' title='bbox 536 3213 592 3260; x_wconf 83' lang='lat' dir='ltr'>eius</span> <span class='ocrx_word' id='word_1_270' title='bbox 629 3211 741 3261; x_wconf 84' lang='lat' dir='ltr'>deiecta.</span> <span class='ocrx_word' id='word_1_271' title='bbox 793 3209 840 3260; x_wconf 88' lang='lat' dir='ltr'>sed</span> <span class='ocrx_word' id='word_1_272' title='bbox 872 3219 965 3276; x_wconf 86' lang='lat' dir='ltr'>postea</span> <span class='ocrx_word' id='word_1_273' title='bbox 990 3209 1182 3258; x_wconf 79' lang='lat' dir='ltr'>Constantinus</span> <span class='ocrx_word' id='word_1_274' title='bbox 1215 3209 1366 3276; x_wconf 86' lang='lat' dir='ltr'>imperator</span> 
     </span>
     <span class='ocr_line' id='line_1_32' title="bbox 267 3279 1363 3350; baseline -0.005 -16"><span class='ocrx_word' id='word_1_275' title='bbox 267 3299 388 3350; x_wconf 80' lang='lat' dir='ltr'>egressus</span> <span class='ocrx_word' id='word_1_276' title='bbox 409 3298 469 3330; x_wconf 88' lang='lat' dir='ltr'>cunr</span> <span class='ocrx_word' id='word_1_277' title='bbox 486 3281 604 3330; x_wconf 80' lang='lat' dir='ltr'>clavibus</span> <span class='ocrx_word' id='word_1_278' title='bbox 626 3281 698 3330; x_wconf 89' lang='lat' dir='ltr'>urbis</span> <span class='ocrx_word' id='word_1_279' title='bbox 720 3282 748 3329; x_wconf 92' lang='lat' dir='ltr'>in</span> <span class='ocrx_word' id='word_1_280' title='bbox 766 3296 843 3342; x_wconf 70' lang='grc' dir='ltr'><strong><em>φασιν</em></strong></span> <span class='ocrx_word' id='word_1_281' title='bbox 864 3296 922 3328; x_wconf 89' lang='lat' dir='ltr'>sese</span> <span class='ocrx_word' id='word_1_282' title='bbox 943 3279 1061 3328; x_wconf 87' lang='lat' dir='ltr'>subiecit</span> <span class='ocrx_word' id='word_1_283' title='bbox 1073 3279 1192 3340; x_wconf 87' lang='lat' dir='ltr'>sultano,</span> <span class='ocrx_word' id='word_1_284' title='bbox 1214 3295 1315 3348; x_wconf 84' lang='lat' dir='ltr'>casque</span> <span class='ocrx_word' id='word_1_285' title='bbox 1337 3281 1363 3330; x_wconf 91' lang='lat' dir='ltr'>ei</span> 
     </span>
     <span class='ocr_line' id='line_1_33' title="bbox 267 3351 1362 3418; baseline -0.004 -14"><span class='ocrx_word' id='word_1_286' title='bbox 267 3351 387 3413; x_wconf 79' lang='lat' dir='ltr'>tradidit.</span> <span class='ocrx_word' id='word_1_287' title='bbox 427 3351 622 3401; x_wconf 87' lang='lat' dir='ltr'>tuncsultsnns</span> <span class='ocrx_word' id='word_1_288' title='bbox 638 3351 784 3400; x_wconf 84' lang='lat' dir='ltr'>clementer</span> <span class='ocrx_word' id='word_1_289' title='bbox 802 3359 830 3401; x_wconf 90' lang='lat' dir='ltr'>et</span> <span class='ocrx_word' id='word_1_290' title='bbox 848 3351 934 3417; x_wconf 88' lang='lat' dir='ltr'>ipsum</span> <span class='ocrx_word' id='word_1_291' title='bbox 956 3358 983 3402; x_wconf 84' lang='lat' dir='ltr'>et</span> <span class='ocrx_word' id='word_1_292' title='bbox 1002 3366 1123 3418; x_wconf 84' lang='lat' dir='ltr'>proceres</span> <span class='ocrx_word' id='word_1_293' title='bbox 1146 3351 1203 3400; x_wconf 87' lang='lat' dir='ltr'>eius</span> <span class='ocrx_word' id='word_1_294' title='bbox 1224 3358 1252 3400; x_wconf 84' lang='lat' dir='ltr'>et</span> <span class='ocrx_word' id='word_1_295' title='bbox 1272 3359 1362 3402; x_wconf 83' lang='lat' dir='ltr'>totum</span> 
     </span>
     <span class='ocr_line' id='line_1_34' title="bbox 267 3419 1365 3492; baseline -0.001 -20"><span class='ocrx_word' id='word_1_296' title='bbox 267 3423 397 3492; x_wconf 88' lang='lat' dir='ltr'>populum</span> <span class='ocrx_word' id='word_1_297' title='bbox 417 3421 547 3488; x_wconf 83' lang='lat' dir='ltr'>accepit.”</span> <span class='ocrx_word' id='word_1_298' title='bbox 597 3420 691 3469; x_wconf 89' lang='lat' dir='ltr'>audito</span> <span class='ocrx_word' id='word_1_299' title='bbox 714 3437 836 3470; x_wconf 85' lang='lat' dir='ltr'>sermone</span> <span class='ocrx_word' id='word_1_300' title='bbox 856 3421 948 3470; x_wconf 84' lang='lat' dir='ltr'>bassae</span> <span class='ocrx_word' id='word_1_301' title='bbox 968 3420 1120 3488; x_wconf 87' lang='lat' dir='ltr'>patriarcba</span> <span class='ocrx_word' id='word_1_302' title='bbox 1138 3419 1273 3470; x_wconf 87' lang='lat' dir='ltr'>modicum</span> <span class='ocrx_word' id='word_1_303' title='bbox 1294 3421 1365 3492; x_wconf 90' lang='lat' dir='ltr'>quid</span> 
     </span>
     <span class='ocr_line' id='line_1_35' title="bbox 270 3489 1365 3560; baseline -0.004 -15"><span class='ocrx_word' id='word_1_304' title='bbox 270 3493 463 3545; x_wconf 79' lang='lat' dir='ltr'>consolationis</span> <span class='ocrx_word' id='word_1_305' title='bbox 486 3491 605 3559; x_wconf 89' lang='lat' dir='ltr'>accepit,</span> <span class='ocrx_word' id='word_1_306' title='bbox 633 3506 719 3558; x_wconf 81' lang='lat' dir='ltr'>coque</span> <span class='ocrx_word' id='word_1_307' title='bbox 740 3489 782 3540; x_wconf 90' lang='lat' dir='ltr'>die</span> <span class='ocrx_word' id='word_1_308' title='bbox 805 3492 920 3541; x_wconf 81' lang='lat' dir='ltr'>cucurrit</span> <span class='ocrx_word' id='word_1_309' title='bbox 939 3489 972 3540; x_wconf 93' lang='lat' dir='ltr'>ad</span> <span class='ocrx_word' id='word_1_310' title='bbox 1001 3507 1093 3540; x_wconf 85' lang='lat' dir='ltr'>ourues</span> <span class='ocrx_word' id='word_1_311' title='bbox 1112 3507 1235 3558; x_wconf 85' lang='lat' dir='ltr'>proceres</span> <span class='ocrx_word' id='word_1_312' title='bbox 1256 3499 1284 3541; x_wconf 87' lang='lat' dir='ltr'>et</span> <span class='ocrx_word' id='word_1_313' title='bbox 1306 3493 1365 3560; x_wconf 91' lang='lat' dir='ltr'>pri-</span> 
     </span>
     <span class='ocr_line' id='line_1_36' title="bbox 268 3561 1363 3629; baseline -0.002 -13"><span class='ocrx_word' id='word_1_314' title='bbox 268 3582 355 3616; x_wconf 80' lang='lat' dir='ltr'>mores</span> <span class='ocrx_word' id='word_1_315' title='bbox 373 3564 451 3614; x_wconf 71' lang='lat' dir='ltr'>arulae</span> <span class='ocrx_word' id='word_1_316' title='bbox 470 3572 497 3613; x_wconf 86' lang='lat' dir='ltr'>et</span> <span class='ocrx_word' id='word_1_317' title='bbox 515 3571 617 3613; x_wconf 82' lang='lat' dir='ltr'>ceteros</span> <span class='ocrx_word' id='word_1_318' title='bbox 637 3562 797 3612; x_wconf 84' lang='lat' dir='ltr'>auctoritate</span> <span class='ocrx_word' id='word_1_319' title='bbox 816 3561 961 3628; x_wconf 86' lang='lat' dir='ltr'>praeditos.</span> <span class='ocrx_word' id='word_1_320' title='bbox 987 3561 1035 3612; x_wconf 86' lang='lat' dir='ltr'>hos</span> <span class='ocrx_word' id='word_1_321' title='bbox 1057 3563 1245 3629; x_wconf 76' lang='lat' dir='ltr'>prebensavit3</span> <span class='ocrx_word' id='word_1_322' title='bbox 1264 3562 1363 3614; x_wconf 87' lang='lat' dir='ltr'>horum</span> 
     </span>
     <span class='ocr_line' id='line_1_37' title="bbox 268 3629 824 3702; baseline -0.005 -15"><span class='ocrx_word' id='word_1_323' title='bbox 268 3635 380 3700; x_wconf 76' lang='lat' dir='ltr'>siugulis</span> <span class='ocrx_word' id='word_1_324' title='bbox 398 3650 446 3702; x_wconf 90' lang='lat' dir='ltr'>pro</span> <span class='ocrx_word' id='word_1_325' title='bbox 465 3633 594 3700; x_wconf 77' lang='lat' dir='ltr'>dignitate</span> <span class='ocrx_word' id='word_1_326' title='bbox 612 3649 722 3682; x_wconf 86' lang='lat' dir='ltr'>munera</span> <span class='ocrx_word' id='word_1_327' title='bbox 741 3629 824 3684; x_wconf 82' lang='lat' dir='ltr'>dedit.</span> 
     </span>
    </p>
   </div>
   <div class='ocr_carea' id='block_1_6' title="bbox 266 3715 1363 4145">
    <p class='ocr_par' dir='ltr' id='par_1_6' title="bbox 266 3715 1363 4145">
     <span class='ocr_line' id='line_1_38' title="bbox 342 3715 1363 3788; baseline 0 -18"><span class='ocrx_word' id='word_1_328' title='bbox 342 3722 451 3772; x_wconf 85' lang='lat' dir='ltr'>Postero</span> <span class='ocrx_word' id='word_1_329' title='bbox 478 3720 522 3770; x_wconf 86' lang='lat' dir='ltr'>die</span> <span class='ocrx_word' id='word_1_330' title='bbox 550 3722 694 3770; x_wconf 86' lang='lat' dir='ltr'>concilium</span> <span class='ocrx_word' id='word_1_331' title='bbox 724 3717 887 3769; x_wconf 82' lang='lat' dir='ltr'>horrendum</span> <span class='ocrx_word' id='word_1_332' title='bbox 913 3715 1072 3780; x_wconf 84' lang='lat' dir='ltr'>habebatur,</span> <span class='ocrx_word' id='word_1_333' title='bbox 1091 3719 1165 3788; x_wconf 90' lang='lat' dir='ltr'>quod</span> <span class='ocrx_word' id='word_1_334' title='bbox 1184 3719 1255 3770; x_wconf 83' lang='lat' dir='ltr'>saura</span> <span class='ocrx_word' id='word_1_335' title='bbox 1277 3729 1363 3772; x_wconf 88' lang='lat' dir='ltr'>totam</span> 
     </span>
     <span class='ocr_line' id='line_1_39' title="bbox 268 3791 1363 3858; baseline 0.002 -16"><span class='ocrx_word' id='word_1_336' title='bbox 268 3792 362 3842; x_wconf 83' lang='lat' dir='ltr'>urbem</span> <span class='ocrx_word' id='word_1_337' title='bbox 379 3792 556 3856; x_wconf 73' lang='lat' dir='ltr'>discurrerat3</span> <span class='ocrx_word' id='word_1_338' title='bbox 575 3791 785 3858; x_wconf 79' lang='lat' dir='ltr'>congregatique.</span> <span class='ocrx_word' id='word_1_339' title='bbox 800 3805 833 3840; x_wconf 86' lang='lat' dir='ltr'>eo</span> <span class='ocrx_word' id='word_1_340' title='bbox 851 3797 913 3840; x_wconf 90' lang='lat' dir='ltr'>suut</span> <span class='ocrx_word' id='word_1_341' title='bbox 933 3791 1036 3842; x_wconf 74' lang='lat' dir='ltr'>Tuscae</span> <span class='ocrx_word' id='word_1_342' title='bbox 1053 3792 1146 3842; x_wconf 90' lang='lat' dir='ltr'>Graeci</span> <span class='ocrx_word' id='word_1_343' title='bbox 1168 3792 1288 3841; x_wconf 81' lang='lat' dir='ltr'>Armenii</span> <span class='ocrx_word' id='word_1_344' title='bbox 1306 3793 1363 3844; x_wconf 88' lang='lat' dir='ltr'>He·</span> 
     </span>
     <span class='ocr_line' id='line_1_40' title="bbox 266 3860 1363 3931; baseline -0.002 -17"><span class='ocrx_word' id='word_1_345' title='bbox 266 3864 351 3924; x_wconf 78' lang='lat' dir='ltr'>brari,</span> <span class='ocrx_word' id='word_1_346' title='bbox 370 3862 488 3912; x_wconf 86' lang='lat' dir='ltr'>omnium</span> <span class='ocrx_word' id='word_1_347' title='bbox 508 3862 626 3931; x_wconf 91' lang='lat' dir='ltr'>denique</span> <span class='ocrx_word' id='word_1_348' title='bbox 646 3862 787 3912; x_wconf 80' lang='lat' dir='ltr'>nationum</span> <span class='ocrx_word' id='word_1_349' title='bbox 808 3860 940 3921; x_wconf 82' lang='lat' dir='ltr'>homiues,</span> <span class='ocrx_word' id='word_1_350' title='bbox 962 3869 1035 3911; x_wconf 86' lang='lat' dir='ltr'>tanta</span> <span class='ocrx_word' id='word_1_351' title='bbox 1056 3860 1230 3916; x_wconf 84' lang='lat' dir='ltr'>multitudine</span> <span class='ocrx_word' id='word_1_352' title='bbox 1249 3879 1363 3912; x_wconf 84' lang='lat' dir='ltr'>concur·</span> 
     </span>
     <span class='ocr_line' id='line_1_41' title="bbox 267 3931 1363 4002; baseline 0.001 -18"><span class='ocrx_word' id='word_1_353' title='bbox 267 3942 344 3986; x_wconf 78' lang='lat' dir='ltr'>rente</span> <span class='ocrx_word' id='word_1_354' title='bbox 365 3942 396 3984; x_wconf 87' lang='lat' dir='ltr'>ut</span> <span class='ocrx_word' id='word_1_355' title='bbox 414 3941 500 3982; x_wconf 88' lang='lat' dir='ltr'>totum</span> <span class='ocrx_word' id='word_1_356' title='bbox 519 3935 636 3997; x_wconf 77' lang='lat' dir='ltr'>exterius</span> <span class='ocrx_word' id='word_1_357' title='bbox 655 3931 731 4002; x_wconf 89' lang='lat' dir='ltr'>quod</span> <span class='ocrx_word' id='word_1_358' title='bbox 749 3933 818 3981; x_wconf 86' lang='lat' dir='ltr'>inter</span> <span class='ocrx_word' id='word_1_359' title='bbox 838 3931 967 4000; x_wconf 86' lang='lat' dir='ltr'>palatium</span> <span class='ocrx_word' id='word_1_360' title='bbox 996 3940 1023 3982; x_wconf 88' lang='lat' dir='ltr'>et</span> <span class='ocrx_word' id='word_1_361' title='bbox 1043 3932 1069 3984; x_wconf 92' lang='lat' dir='ltr'>S.</span> <span class='ocrx_word' id='word_1_362' title='bbox 1090 3931 1221 4000; x_wconf 89' lang='lat' dir='ltr'>Sophiam</span> <span class='ocrx_word' id='word_1_363' title='bbox 1243 3935 1363 4001; x_wconf 85' lang='lat' dir='ltr'>spatium</span> 
     </span>
     <span class='ocr_line' id='line_1_42' title="bbox 267 4003 1362 4072; baseline 0.001 -17"><span class='ocrx_word' id='word_1_364' title='bbox 267 4005 504 4072; x_wconf 79' lang='lat' dir='ltr'>est‚c0mp1etum</span> <span class='ocrx_word' id='word_1_365' title='bbox 531 4013 619 4065; x_wconf 83' lang='lat' dir='ltr'>esset,</span> <span class='ocrx_word' id='word_1_366' title='bbox 649 4014 679 4054; x_wconf 89' lang='lat' dir='ltr'>ut</span> <span class='ocrx_word' id='word_1_367' title='bbox 696 4003 825 4054; x_wconf 86' lang='lat' dir='ltr'>audirent</span> <span class='ocrx_word' id='word_1_368' title='bbox 850 4019 991 4072; x_wconf 81' lang='lat' dir='ltr'>quamnam</span> <span class='ocrx_word' id='word_1_369' title='bbox 1022 4019 1067 4052; x_wconf 75' lang='lat' dir='ltr'>ren</span> <span class='ocrx_word' id='word_1_370' title='bbox 1087 4005 1248 4054; x_wconf 83' lang='lat' dir='ltr'>sententiam</span> <span class='ocrx_word' id='word_1_371' title='bbox 1270 4004 1362 4056; x_wconf 58' lang='lat' dir='ltr'>ferret„</span> 
     </span>
     <span class='ocr_line' id='line_1_43' title="bbox 267 4073 1363 4145; baseline -0.002 -17"><span class='ocrx_word' id='word_1_372' title='bbox 267 4086 331 4128; x_wconf 84' lang='lat' dir='ltr'>tunc</span> <span class='ocrx_word' id='word_1_373' title='bbox 348 4073 500 4145; x_wconf 86' lang='lat' dir='ltr'>patriarcba</span> <span class='ocrx_word' id='word_1_374' title='bbox 518 4074 552 4125; x_wconf 86' lang='lat' dir='ltr'>ad</span> <span class='ocrx_word' id='word_1_375' title='bbox 571 4083 693 4126; x_wconf 81' lang='lat' dir='ltr'>senatum</span> <span class='ocrx_word' id='word_1_376' title='bbox 713 4081 920 4144; x_wconf 84' lang='lat' dir='ltr'>purpuratorum</span> <span class='ocrx_word' id='word_1_377' title='bbox 937 4075 1064 4134; x_wconf 80' lang='lat' dir='ltr'>accessit,</span> <span class='ocrx_word' id='word_1_378' title='bbox 1086 4075 1294 4142; x_wconf 84' lang='lat' dir='ltr'>reverentiaque</span> <span class='ocrx_word' id='word_1_379' title='bbox 1317 4077 1363 4126; x_wconf 88' lang='lat' dir='ltr'>iu-</span> 
     </span>
    </p>
   </div>
   <div class='ocr_carea' id='block_1_7' title="bbox 0 0 1446 4775">
    <p class='ocr_par' dir='ltr' id='par_1_7' title="bbox 0 0 1446 4775">
     <span class='ocr_line' id='line_1_44' title="bbox 0 0 1446 4775; baseline 0 0"><span class='ocrx_word' id='word_1_380' title='bbox 0 0 1446 4775; x_wconf 95' lang='lat' dir='ltr'> </span> 
     </span>
    </p>
   </div>
  </div>
 </body>
</html>
