2884 4775
228 189 252 259 8
664 176 859 257 ulsinum

225 344 417 423 θισταμὲνοο
452 336 473 425 η“
501 342 614 423 δλίγων
642 338 725 404 πάνυ
755 340 810 405 καί
826 339 983 422 άσθενυῖν)
1019 340 1208 424 ἐπανῆλθεν,
1228 339 1309 408 ἄλλα

225 448 417 525 καταφαγεῖν
436 437 648 522 μελετήσαςδ
682 432 789 523 ἄγριος
815 436 890 523 θήρ.
945 440 1026 521 πλὴν
1055 441 1101 526 regi
1132 448 1311 531 φαινομένῳ

226 537 332 619 ἔμενεν
352 538 531 625 εἰρηνεάων,
551 541 589 626 τῇ
609 542 636 603 δ’
654 541 789 626 α’ληθείηι
801 536 912 622 καιρδν
931 531 970 621 ἢν
992 540 1093 621 ζητῶν
1110 544 1166 604 καί
1183 544 1309 627 πρόφα-

225 662 276 703 σιν
297 662 377 701 τινα.

327 737 435 800 Ταῦτα
463 738 498 800 δὲ
528 740 582 802 καί
608 736 647 800 τά
680 729 776 817 δμοια
798 734 815 799 δ
841 734 992 817 βασιλεδς
1018 740 1161 823 σκοποδν,
1192 743 1258 813 ποδς
1289 738 1333 805 db

225 838 279 919 τῆς
293 830 395 919 Ἀγαρ
412 830 518 919 ἄγριος
538 836 624 901 κάων
644 835 776 900 ἐδούλου
796 832 855 909 τάς
873 834 989 916 πόλεις,
1008 835 1065 912 τὰς
1085 839 1145 918 μὲν
1164 845 1231 919 μετ’
1253 841 1309 902 εδ-

226 934 319 1017 λόγοο
342 934 548 1020 προφάσεως,
572 936 630 1010 τάς
657 936 692 998 δὲ
713 931 817 1016 λόγοις
847 938 1010 1010 κολακείας
1029 938 1191 1017 ψευδέσιν,
1212 930 1309 1013 ἄλλος

200 1036 261 1097 leli
282 1038 315 1113 ε”ξ
334 1034 496 1118 ἁρπαγῆς,
527 1033 627 1099 πάντα
652 1038 742 1099 λίθον
771 1035 863 1097 κινοῦν
882 1038 937 1097 καί
957 1034 1183 1115 δολιευόμενος,
1207 1036 1262 1101 άεί
1278 1060 1309 1101 τι

224 1143 416 1219 καταφαγεῖν
427 1132 628 1216 βουλόμενος,
653 1124 862 1215 ἐβουλεύσατο
877 1128 961 1207 ὅπως
974 1134 1164 1219 πορεάσηται
1181 1139 1214 1199 ἐν
1230 1136 1310 1200 Ἰτα-

173 1278 180 1291 ·
224 1236 276 1321 λίφ
295 1234 350 1297 καί
369 1235 567 1321 ἐπαναγκάσῃ
587 1236 734 1316 γενέσθαι
748 1232 858 1298 ἕνωσιν
870 1228 951 1316 μετά
967 1238 1128 1311 Λατίνων,
1148 1234 1203 1298 καί
1224 1231 1354 1305 otreio

225 1333 306 1421 λα’βη
328 1330 481 1416 βοήθειαν
499 1331 632 1421 μερικὴν
666 1332 720 1395 καί
737 1330 989 1418 τδνὶἎγαρηνδν
1018 1333 1187 1420 α’ποδιυδξη.
1229 1333 1310 1416 γρά-

224 1447 290 1510 ψας
312 1424 367 1495 οὖν
386 1430 464 1515 πρὸς
483 1422 540 1496 τὸν
559 1432 677 1513 πάσαν,
701 1433 846 1515 Εδγὲνιος
864 1430 987 1517 ἔστερξε
1005 1431 1085 1512 μετά
1105 1436 1209 1517 χαράς
1230 1458 1309 1515 συγ-

225 1534 416 1614 κρατηθῆναι
437 1534 531 1594 τοῦτο
552 1528 608 1594 καί
625 1536 773 1613 γενέσθαι
796 1529 919 1617 εἰρήνην
937 1534 994 1596 καί
1013 1534 1135 1612 ἕνωσιν,
1159 1536 1189 1597 εί
1208 1534 1310 1595 δονα-

116 1612 134 1637 ’ὶ
225 1628 291 1710 τόν,
310 1632 438 1712 πέμψας
468 1630 610 1716 δαπάνην
635 1635 691 1695 καί
719 1637 813 1695 πλοῖα
846 1628 996 1715 χρειώδη.
1050 1630 1090 1694 οδ
1109 1628 1206 1712 μόνον
1231 1628 1309 1693 tert

143 1762 148 1771 ε
225 1726 331 1804 πάπας
353 1728 433 1793 α’λλά
456 1734 510 1794 καί
524 1728 553 1795 oi
573 1728 769 1814 καρδινάλιοι
781 1731 836 1795 καί
846 1726 936 1795 ἄλλοι
958 1721 1215 1814 ε’πεθάμουντην
1231 1733 1352 1795 ἕνα-15

110 1872 121 1891 ι
225 1853 276 1892 σιν
300 1831 555 1913 κατορθωθῆναι,
576 1830 619 1907 ὥς
649 1831 795 1905 πολλάκις
825 1835 1060 1915 βουληθέντων,
1083 1831 1311 1915 κατορθωσάν-

225 1952 288 1992 των
308 1930 343 1991 δὲ
364 1930 463 2012 οὐδέν,
487 1934 610 1995 πολλῶν
630 1932 813 1995 σκανδάλων
832 1931 1072 2016 άναφυομένων.
1100 1929 1311 2015 διεμηνάσατο

228 2020 284 2092 οὖν
306 2026 322 2090 ὃ
346 2028 497 2109 βασιλεύς
516 2038 583 2105 τοῖς
600 2030 785 2113 α’ρχιερεῦσι
808 2028 863 2093 καί
888 2037 952 2102 τοῖς
974 2030 1160 2104 σπουδαιόις
1181 2032 1238 2092 καί
1256 2025 1313 2091 λό-

225 2150 282 2209 γου
304 2129 359 2191 καί
376 2126 573 2211 μαθημάτων
592 2129 759 2210 μετόχοις,
791 2128 847 2193 καί
877 2122 976 2212 ἦλθον
998 2131 1032 2192 ἑν
1053 2132 1312 2193 Κωνσταντινου-

182 2288 184 2295 ,
227 2228 316 2290 πόλει
337 2221 408 2290 δτε
428 2231 659 2311 Τραπεζοῦντος
679 2224 761 2309 μετά
782 2232 840 2292 τοῦ
866 2227 1042 2313 φιλοσόφου
1060 2228 1269 2311 Ἀμυροάτζη,
1291 2225 1358 2300 ὅτι)
1427 2299 1428 2308 2

231 2330 368 2404 Νικαίας
387 2332 588 2414 Βησσαρίων,
622 2326 638 2392 δ
655 2326 830 2409 Ῥωσσιόις,
850 2331 882 2394 Γ
879 2326 1039 2410 εμιστδςδ
1063 2327 1237 2415 φιλόσοφος
1258 2330 1314 2392 καί

230 2418 320 2490 ditos
339 2428 485 2511 λογάδες·
512 2431 568 2493 καί
587 2427 744 2506 συνάξεως
758 2433 924 2513 γενομένης
942 2428 1020 2509 μετὰ
1036 2430 1092 2493 τοῦ
1111 2430 1312 2512 πατριάρχου

230 2637 392 2690 insatiabilis
420 2639 474 2692 fers
502 2639 590 2691 animo
621 2640 732 2708 agitans.
778 2647 896 2691 attamen
915 2639 1030 2708 speciem
1053 2637 1169 2707 quidem
1188 2637 1313 2707 praebuit

229 2725 321 2832 ppppp
339 2711 462 2762 colentis:
487 2727 514 2761 re
541 2719 631 2762 autem
650 2727 712 2764 vera
731 2712 896 2762 occasionem
923 2718 1072 2762 etecusam
1093 2709 1210 2778 aliquam
1228 2725 1313 2779 quae·

299 2869 370 2918 Haec
389 2875 417 2920 et
443 2867 485 2920 his
515 2868 613 2919 similia
639 2870 785 2936 imperator
813 2883 934 2931 cernens,
961 2867 1097 2937 quomodo
1121 2866 1242 2918 immanis
1259 2867 1311 2918 iste

231 2940 314 3005 ligura
333 2947 406 2990 ortus
424 2939 495 2990 canis
520 2939 599 2990 urbes
626 2939 780 3006 subigeret,
803 2937 931 3008 quasdam
956 2947 1097 3008 praetextu
1124 2938 1241 3008 speciem
1260 2936 1312 2988 ha-

230 3008 320 3071 bente,
337 3011 481 3062 nonnullas
502 3010 588 3061 verbis
607 3009 712 3061 lenibus
731 3018 760 3061 et
777 3009 850 3060 falsis
868 3011 1012 3077 promissis,
1029 3009 1095 3060 alias
1115 3009 1139 3058 ci
1158 3016 1238 3077 atque
1258 3025 1310 3076 op-

229 3081 376 3148 pressione,
397 3097 501 3133 omnem
515 3080 641 3150 lapidem,
662 3089 692 3132 ut
709 3080 761 3131 dici
773 3081 852 3143 solet,
862 3097 981 3140 movens,
999 3081 1104 3131 nullum
1118 3078 1211 3130 dolum
1230 3079 1311 3130 omit·

229 3159 297 3211 teus,
315 3167 420 3219 semper
442 3151 545 3222 allquid
570 3151 697 3203 devorare
722 3148 843 3220 cupiens,
867 3150 901 3201 de
926 3149 1119 3221 proficiscendo
1148 3152 1176 3200 in
1204 3150 1310 3200 ltaliam

229 3221 372 3271 consilium
387 3221 481 3288 cepit,
507 3228 535 3272 et
552 3223 743 3276 constituendo
759 3221 910 3296 quamlibet
927 3221 1028 3272 difficili
1046 3238 1105 3271 cum
1122 3221 1224 3271 Latinis
1247 3221 1311 3270 reli-

230 3291 316 3358 gionis
335 3307 482 3353 consensu,
508 3299 538 3342 ut
559 3290 610 3342 hoc
628 3293 707 3344 modo
731 3293 868 3362 aliquibus
885 3292 1012 3343 subsidiis
1033 3291 1192 3360 comparatis
1210 3291 1311 3358 Agars-

230 3379 294 3412 uum
315 3362 489 3430 propulsaret.
538 3378 590 3435 qua
618 3362 652 3413 de
674 3379 702 3412 re
732 3363 845 3413 eumad
870 3380 966 3432 papam
986 3363 1135 3429 Eugenium
1153 3360 1310 3430 scripsisset,

231 3431 294 3483 huic
314 3449 354 3483 res
374 3432 466 3483 auditu
485 3431 600 3482 iucunda
625 3433 695 3495 fuit,
722 3432 757 3484 de
773 3433 943 3503 concilioque
964 3432 1107 3485 conflando
1124 3432 1260 3500 cogitavit,
1280 3433 1311 3483 in

232 3520 286 3572 quo
304 3520 357 3553 una
374 3521 405 3554 ex
433 3501 535 3554 duabus
554 3518 662 3553 concors
690 3505 801 3554 ecclesia
818 3501 977 3567 efficeretur,
998 3504 1019 3554 si
1039 3504 1097 3554 fieri
1116 3511 1217 3573 posset.
1254 3504 1311 3554 ita-

156 3583 286 3644 2439que
316 3580 343 3624 et
368 3581 487 3642 sumptus
511 3573 582 3624 misit
604 3589 739 3642 navesque
765 3577 936 3625 necessarias.
981 3591 1032 3625 nec
1055 3590 1125 3643 papa
1151 3573 1240 3635 modo,
1262 3573 1311 3624 sed

233 3639 312 3696 etiam
333 3644 481 3696 cardinales
492 3652 519 3695 et
532 3643 579 3694 alii
598 3645 782 3696 consensionis
795 3644 886 3714 cupidi
907 3653 991 3709 erant,
1008 3645 1110 3716 quippe
1129 3661 1208 3712 quarn
1229 3661 1311 3714 saepe

231 3722 398 3776 tentassent,
428 3715 475 3765 sed
494 3713 563 3765 nihil
580 3716 758 3784 profecissent
775 3716 917 3766 multarum
935 3718 1112 3767 offensionum
1132 3716 1249 3766 incursu.
1270 3714 1325 3765 si·¹

231 3786 366 3852 gnificavit
389 3787 472 3852 igitur
496 3787 639 3854 imperator
667 3785 781 3838 dicionis
807 3804 871 3837 suae
890 3786 1058 3856 principibus
1081 3785 1264 3837 sacerdotibus
1282 3794 1312 3837 et

231 3857 295 3906 viris
331 3856 420 3908 studio
449 3858 585 3908 literarum
611 3856 711 3908 deditis
746 3857 962 3926 eruditionisque
990 3859 1068 3908 lande
1098 3855 1311 3926 praestantibuss

232 3925 565 3997 qui-Constantinopolim
587 3927 762 3980 advenerunt.
812 3926 906 3980 horum
934 3922 1071 3997 praecipui
1093 3935 1170 3979 erant
1203 3927 1310 3995 'l'rope-

231 3997 354 4059 τιταιίιιι,
385 3997 562 4068 philosophus
589 3999 748 4065 Amyrutza,
777 3999 893 4050 Nicaeae
921 3999 1060 4061 bessario,
1087 3999 1195 4049 Russiae
1223 3995 1310 4048 lsido·
1406 3999 1410 4008 '

232 4086 284 4132 rus,
303 4069 435 4122 Gemistus
462 4069 556 4121 Pletho
582 4069 774 4140 philosophus,
795 4077 822 4121 et
845 4069 892 4121 alii
917 4069 1024 4122 delecti.
1070 4070 1117 4142 qui
1136 4086 1195 4123 cum
1213 4067 1247 4119 ad
1265 4085 1307 4121 ss·
