2884 4775
582 154 784 267 antinoi.
1041 205 1043 211 ’
1094 162 1097 167 ’
1159 203 1203 268 71

114 351 275 437 ἐπορεύθη
299 356 333 418 δὲ
355 354 475 418 ἐκεῖθεν
488 355 542 418 κατ’
563 358 597 419 ἐν
612 356 786 440 Μαγνησίην
808 353 886 419 κατὰ
906 360 962 419 τού
983 357 1124 441 ύιῐελφσῦ
1147 362 1209 419 αύ-

111 447 170 519 cori
192 459 252 516 τού
274 452 441 535 Κουρκούτ
466 458 617 537 τζελεπῆη
636 460 691 519 καί
711 454 746 529 ὃς
766 453 811 536 μῆ
843 457 990 538 δυνηθείς
1012 454 1206 539 α’ντιστῆναι,

113 557 263 636 ἐξέφυγεν
287 555 321 617 ἐν
345 554 450 629 τόποις
473 553 652 635 δυσβάτοις,
675 549 754 617 ύπσυ
776 557 986 634 συλλαβόντες
1009 553 1107 618 αύτόν
1130 556 1209 619 α’πέ-
1290 595 1293 608 ι

71 722 78 734 ,
116 656 237 732 πνιξαν,
256 654 311 716 κατ’
332 651 477 732 έκύμισοιν
507 650 639 719 ἑνούπιον
660 654 760 717 αύτού
778 653 813 717 τὸ
837 656 947 735 νεκρόν
966 658 1058 734 σῶμα
1082 653 1207 723 τούτου.

87 749 216 831 5ἔμιιντ
239 755 274 815 δὲ
305 749 478 817 ὅσουλτὰν
500 754 699 835 Ἀχουμύτης
724 752 741 815 ὁ
770 745 864 827 ἄλλος
895 752 1033 840 α’ύελφός
1053 752 1086 818 έν
1105 750 1210 835 ’Ἀμα-

114 858 179 941 οιζι,
202 854 397 935 διεφημίσθη
419 854 454 915 tt
477 847 526 916 ὅτι
548 856 711 934 στρατεύει
733 851 812 915 κατὰ
835 858 893 915 τοῦ
916 855 1068 938 dictatori.
1111 853 1210 928 αύτύς

114 954 150 1015 δὲ
176 953 311 1027 συνύξας
333 951 469 1033 στρατὸν
503 956 613 1035 ἐξῆλθε
642 954 751 1035 μύχην
780 956 928 1036 ποιῆσαι·
973 949 1127 1017 ὄντωνδὲ
1147 957 1209 1017 τῶν

113 1047 266 1113 πλειόνων
285 1050 500 1132 Καραμύνων,
522 1057 701 1135 συμπλοκῆς
719 1056 896 1137 γενομένης,
908 1057 1146 1136 προσετέθησαν
1166 1050 1212 1139 τῆν’

118 1148 256 1213 σουλτιέν
280 1152 408 1237 Σελύμῃ.
452 1154 506 1215 καί
526 1148 626 1225 οὕτως
651 1154 910 1236 ἐγκαταλειφθεὶς
931 1155 1026 1231 μόνος
1046 1151 1123 1233 μιτύι
1146 1156 1209 1215 τῶν

71 1251 106 1301 10
115 1251 235 1313 οἰκείων
254 1254 309 1333 τῆς
328 1245 444 1314 ἑαυτοῦ
467 1252 601 1334 Πύρτας
627 1252 681 1313 κατ’
700 1246 784 1314 οἴκων
805 1248 981 1335 παρεδόθη.
1033 1255 1209 1330 κομίζοντες

115 1352 151 1415 δέ
177 1353 278 1428 ζῶντα
306 1350 385 1431 πρὸς
411 1350 465 1414 τὸν
487 1348 627 1435 dilatala
650 1346 751 1413 αύτού
773 1354 892 1430 τοῦτον,
917 1351 971 1415 κατ’
991 1352 1136 1428 οἷ’ξιούντιι
1150 1376 1208 1430 με·

113 1450 219 1531 γύλως
234 1452 287 1513 ἵνα
301 1450 494 1536 συνομιλῆση
508 1450 605 1538 αύτῷ,
630 1445 710 1525 ὅλως
732 1449 748 1512 ὁ
771 1450 908 1515 σονλτύν
929 1453 1063 1533 Σελᾴιης
1082 1450 1120 1512 ού
1150 1476 1208 1511 κα.

113 1553 284 1630 τεύέξατο,
313 1550 402 1613 ἀλλὰ*
422 1554 536 1624 νεύσας
562 1550 674 1634 μόνον,
709 1543 840 1635 ἄραντες
868 1550 1039 1622 ἀπέπνιξαν
1062 1550 1156 1612 αύτόν
1176 1573 1208 1611 τε
1279 1545 1285 1552 ’

114 1653 170 1713 κατ’
192 1640 266 1726 τούς
284 1648 342 1713 δύο
367 1647 458 1723 υἱούς
478 1654 588 1713 adrat.

72 1749 104 1801 15
201 1742 312 1823 Ούταις
334 1742 390 1813 σύν
413 1750 571 1833 σίφιινέσας
592 1744 751 1835 ἀδελφούς
776 1749 831 1815 καί
855 1749 1008 1831 ἀνεψιούς
1029 1750 1084 1810 καί
1100 1744 1209 1829 γενεὰν

114 1846 217 1912 αύτοῦ
236 1853 363 1928 πᾶσαν,
396 1852 520 1931 χαίρων
550 1859 615 1924 τοῖς
634 1848 787 1925 τοιούτοις
820 1853 874 1913 κατ’
899 1845 1210 1932 ύπύρχωνιφοβερὸς

113 1944 171 2009 καί
193 1949 313 2022 ύέκαισς
335 1948 378 2024 ὥς
400 1946 417 2010 ὁ
441 1949 565 2022 πάππος
587 1949 697 2033 αὐτοῦ,
730 1949 942 2033 ἐπαναπαύθη
962 1946 1002 2009 τύ
1019 1948 1210 2025 Δκαταθύμια

113 2044 208 2127 ὀροῖν.
251 2044 284 2109 ἓν
307 2050 341 2110 di
365 2050 462 2111 ἐποίει
484 2045 587 2111 κοινὸν
609 2047 714 2131 κακόν,
728 2043 779 2112 -ὅτι
797 2051 936 2131 συνεχῶς
957 2049 1090 2128 συνῆγεν
1113 2038 1211 2126 α’ργύ-

111 2167 182 2227 ριον
204 2144 291 2228 παρύι
312 2151 376 2211 τιόν
396 2146 558 2231 tuantur,
578 2147 680 2222 δόσεις
701 2146 812 2221 καινύς
844 2150 982 2228 μελετῶν
1005 2144 1060 2215 κατ’
1083 2146 1207 2229 ὁριζων,

67 2236 164 2319 waic
185 2243 199 2308 ὅ
223 2247 326 2330 πατῆρ
357 2250 457 2311 αύτοῦ
488 2251 555 2312 οὐδ’
583 2244 663 2322 ὅλως
699 2251 831 2329 ἐβάρυνε
860 2247 944 2317 τινύ.
988 2248 1149 2312 ἀπέκτεινε
1173 2249 1208 2307 δὲ

114 2343 612 2435 και“ιόν]ν1ουσισφᾶπιισιᾶν,
643 2352 676 2414 ἐν
705 2348 807 2435 ἔχθρᾳ
837 2346 919 2430 ἔχων
951 2345 1047 2410 αύτόν
1073 2343 1126 2407 διὰ
1157 2342 1208 2408 τὸν

112 2447 251 2524 σουλτάν
278 2448 495 2532 Ἀχουμύτην,
525 2445 574 2513 ὅτι
594 2452 804 2532 ἐβουλεύσατο
831 2453 873 2536 τῷ
899 2450 996 2532 πατρὶ
1021 2450 1073 2511 ἳνα
1093 2443 1206 2532 ποιῆση

113 2647 224 2698 viribus
239 2650 379 2700 resistendi
388 2650 542 2710 ‚destitutus
562 2652 590 2702 in
609 2654 668 2702 loca
688 2668 794 2701 accessu
813 2651 896 2702 ardua
917 2659 944 2702 ct
959 2649 1077 2700 difficilia
1096 2667 1124 2699 se
1143 2665 1207 2716 pro·

113 2720 209 2786 ripuit.
249 2719 292 2770 hic
309 2723 371 2790 ‘ipss
391 2722 600 2788 corrrprehensus
628 2722 727 2774 chorda
754 2731 844 2788 guttur
864 2723 945 2772 elisus
975 2730 1033 2781 est,
1052 2721 1155 2788 prolato
1178 2719 1207 2769 in

112 2799 286 2857 conspectum
309 2793 382 2841 illius
404 2792 530 2843 caelavere
550 2795 617 2843 eins.
638 2793 760 2844 substitit
783 2793 851 2844 alter
869 2795 959 2852 frater,
977 2792 1098 2842 sullanus
1118 2789 1207 2838 dehu-

111 2870 195 2922 mata,
213 2863 241 2910 in
261 2862 326 2912 urbe
339 2865 456 2928 Amasia3
476 2863 576 2932 dequo
596 2864 769 2915 disseminata
789 2866 841 2915 luit
859 2864 937 2923 fama,
958 2862 1090 2930 proficisci
1108 2860 1208 2911 infesta

111 2949 195 2982 rnanu
216 2940 308 2982 contra
328 2935 446 2984 fratrem.
484 2935 568 2985 exivit
587 2952 650 2985 sane
670 2936 728 3004 ipse
756 2937 874 2985 exercitu
893 2941 1062 2998 congregato,
1083 2933 1207 2989 commis-

111 3020 189 3052 surus
211 3021 336 3072 pugnam.
373 3005 421 3054 sed
440 3022 498 3074 cum
520 3007 604 3056 maior
625 3023 684 3070 pars
705 3008 837 3056 exercitus
853 3007 910 3054 eius
921 3004 1073 3053 Caramanis
1093 3019 1139 3052 sen
1160 3002 1206 3050 Ci-

113 3073 222 3136 licibus,
241 3084 384 3135 constaret,
404 3077 567 3127 transierunt
592 3077 636 3126 isti
667 3078 697 3127 in
720 3078 823 3125 fervore
851 3075 946 3141 praelii
973 3073 1006 3122 ad
1026 3082 1114 3140 partes
1137 3073 1207 3122 Seli-

113 3161 185 3194 rnue.
224 3147 262 3194 sic
282 3149 339 3214 ipse
360 3149 432 3197 solus
453 3165 511 3197 curn
532 3147 707 3196 familiaribus
731 3155 759 3198 et
782 3147 875 3196 aulicis
895 3146 949 3195 suis
969 3145 1207 3212 relictus,‘quam-

111 3216 153 3264 vis
176 3216 287 3277 invitus,
310 3219 336 3266 in
351 3227 518 3286 potestatem
538 3217 653 3268 hostiurn
673 3217 755 3267 venit.
803 3233 882 3285 quem
905 3234 963 3266 cum
982 3217 1070 3266 vivum
1089 3215 1117 3264 in
1139 3232 1207 3264 con-

111 3296 235 3354 spectum
265 3287 352 3338 fratris
380 3288 566 3348 adduxissent,
592 3304 687 3354 magno
713 3288 799 3337 oravit
818 3304 915 3355 opere.
934 3287 1028 3337 liceret
1046 3286 1096 3336 sibi
1116 3286 1206 3352 paucis

112 3373 174 3406 erim
193 3358 308 3426 alloqui.
345 3377 434 3409 veruna
454 3361 570 3427 praecise
588 3357 639 3410 hoc
658 3360 682 3407 ei
704 3358 875 3426 denegatum,
896 3365 923 3409 et
941 3359 999 3408 solo
1017 3367 1085 3408 nutu
1106 3357 1207 3422 signifi-

112 3436 202 3478 catum
225 3429 258 3478 iis
284 3430 331 3496 qui
358 3447 417 3479 eum
447 3429 591 3490 tenebant,
615 3429 681 3498 quid
710 3430 798 3479 lacere
825 3429 964 3480 deberent.
1000 3427 1028 3478 hi
1050 3427 1206 3488 abductum,

112 3499 201 3548 anirrra
223 3515 305 3566 nervo
326 3501 481 3562 interclusa,
503 3510 677 3566 necaverunt3
697 3519 747 3551 nec
762 3502 849 3570 ipsum
868 3499 958 3564 modo,
975 3500 1022 3551 sed
1038 3498 1107 3550 diros
1126 3501 1207 3550 etiarn

112 3569 171 3620 ciui
197 3569 278 3620 lilios.
971 3625 974 3631 ¹

187 3656 308 3708 Sublatis
327 3656 361 3706 ad
379 3658 451 3707 huno
467 3658 572 3708 modurn
589 3657 724 3717 fratribus,
742 3657 910 3725 patruelibus
924 3662 950 3706 el
970 3657 1128 3723 cognatione
1148 3663 1207 3706 tola

114 3726 246 3795 (iucunda
267 3729 371 3778 scilicet
390 3731 413 3778 ei
435 3730 499 3778 talia
520 3737 608 3778 erant:
637 3730 682 3797 qui
714 3747 742 3778 se
762 3727 960 3793 formidabilem
981 3736 1008 3777 et
1026 3729 1093 3778 citra
1112 3743 1206 3795 perso-

112 3814 208 3848 narum
228 3807 375 3867 respectum
396 3801 515 3850 iustitiae
537 3807 715 3860 executionem,
735 3799 886 3849 inritatione
900 3800 941 3850 sui
960 3798 1010 3859 avi,
1032 3797 1117 3851 videri
1132 3797 1208 3847 volc-

113 3868 175 3938 bat)
194 3870 395 3938 acquiescebat,
415 3871 501 3920 animo
521 3888 569 3919 suo
593 3871 760 3920 satisfactum
772 3886 889 3923 cernens.
930 3887 980 3918 una
995 3878 1084 3919 autern
1106 3888 1132 3920 re
1156 3886 1208 3934 pu-

113 3939 187 3989 blice
209 3957 302 3993 omnes
323 3941 467 4006 affligebat,
489 3941 561 4010 quod
582 3944 753 3992 continenter
770 3941 897 4005 pecrrnias
918 3957 932 3988 a
951 3940 1051 3990 civibus
1073 3941 1126 3990 suis
1149 3940 1207 3987 exi-

114 4009 206 4076 gebat,
227 4029 296 4062 novn
315 4011 428 4062 subinde
442 4012 542 4062 tributu
557 4014 709 4076 excogitans
730 4019 757 4061 et
770 4013 911 4078 imperans,
933 4011 1031 4080 (risibus
1050 4021 1126 4078 stater
1148 4009 1206 4058 eins

115 4083 382 4151 proisusnemincnr
404 4092 564 4150 gravaverat.
609 4081 811 4140 bisetcacdes
839 4081 947 4133 adiecit.
983 4081 1206 4140 interfecitenirn
