2884 4775
484 238 804 305 Paauraucfflca.
1106 238 1175 307 173

81 406 201 468 νιακον,
224 384 304 451 ὀποῦ
323 383 392 450 ἔνοι
414 382 578 470 ἀπόφασις
606 390 667 452 τάν
688 390 787 452 θεάων
807 388 988 453 ἀποστόλων
1016 393 1061 465 εἰς
1080 392 1182 471 τοῦτο,

81 495 139 552 καί
157 484 237 551 ἄλλα
259 479 365 549 άτοπα
386 487 440 549 καί
459 485 640 565 παράνομα,
661 486 742 550 duod
761 481 853 570 ἦσαν.
898 488 952 551 καί
973 486 1042 552 τότε
1064 487 1103 553 νά
1128 491 1182 553 ἐκ·

82 594 191 663 λέξουν
212 586 268 649 κατ’
289 583 499 667 πατριάρχην,
519 586 557 647 νά
575 588 743 663 καθέζεται
767 586 922 672 εἰρηνικὸς
944 591 999 651 καί
1019 588 1181 653 άσκαιδά-

81 693 194 763 λιστος,
211 683 313 766 χωρδς
334 684 467 748 κανέναν
490 683 678 765 πειρασμόν.

50 797 70 847 5
157 782 263 864 Ὅμως
282 781 312 847 οἱ
335 785 365 846 Γ
363 771 529 846 αλατιανοί
555 776 646 863 εἶχαν
667 785 807 865 μεγάλην
828 784 953 865 α’γάπην
973 784 1018 857 εἷς
1046 782 1098 847 τὸν
1120 810 1181 868 μη·

81 883 268 964 τροπολίτην
292 884 516 965 Νικομηδειάς,
538 881 631 964 κάριν
650 880 836 964 Διονάσιον,
860 881 989 957 ἔσοντας
1010 880 1047 946 νά
1071 880 1180 967 ἔνσιῆ

81 985 222 1064 πατρίδα
253 985 310 1047 τοῦ
332 980 395 1044 άπὸ
430 981 483 1044 τὸν
505 982 665 1061 Γαλατᾶν,
686 980 741 1043 καί
761 985 829 1043 ε’κεϊ
846 978 1017 1064 ἐγεννήθη,
1040 982 1097 1055 κατ’
1117 988 1186 1047 ε’κεῖ

79 1083 255 1166 ἀνετράφη·
299 1080 354 1144 καί
374 1083 415 1143 ου’
434 1078 531 1159 μόνον
551 1078 580 1143 οἱ
597 1082 627 1143 Γ
626 1084 792 1143 αλιιτιανοί
817 1078 870 1142 τὸν
894 1080 1089 1162 οἰγαπσῦσαν,
1115 1079 1180 1166 άμὴ
1212 1141 1215 1145 ,
1308 1106 1311 1113 ’
1364 1104 1368 1113 ·

79 1185 137 1246 καί
162 1178 192 1243 οἱ
212 1183 461 1264 Καραμανῖται,
493 1182 548 1257 κατ’
568 1176 751 1257 ἐπεθύμουν
780 1178 878 1241 πολλοὶ
909 1178 946 1241 νά
968 1179 1022 1242 adr
1044 1182 1183 1260 ἐκάμουν

31 1295 68 1346 10
80 1279 292 1362 πατριάρχην.
336 1277 391 1341 κατ’
413 1281 457 1352 εἰς
478 1279 534 1351 τάς
555 1275 710 1340 δεκαεπτά
742 1279 799 1339 τοῦ
820 1278 1000 1357 Ἀπριλλίου
1019 1275 1125 1360 μηνός,
1145 1276 1178 1342 τά

78 1380 243 1459 σάββατον
261 1381 319 1441 τοῦ
339 1374 465 1440 δικαιόυ
488 1376 654 1457 Λαζάρου,
675 1373 756 1456 ἔχινε
771 1373 902 1449 σύνοδος
917 1374 970 1439 διά
992 1400 1078 1451 τινας
1101 1376 1180 1439 ι’πο-

77 1482 197 1558 θέσεις,
219 1479 275 1539 καί
293 1476 514 1555 καθεζομένων
536 1477 598 1537 ταῖν
620 1474 795 1555 άρχιιρὲων
810 1478 865 1536 κατ’
877 1476 938 1537 τῶν
960 1478 1113 1558 κληρικιόν
1126 1477 1182 1539 κατ’

75 1579 173 1657 μέρος
194 1578 257 1638 τοῖν
278 1574 443 1655 άρχάντων
465 1576 520 1637 καί
540 1580 664 1637 πολλάν
678 1569 783 1635 ἄλλων
806 1574 943 1654 ἀνδρῶν,
964 1576 1020 1636 aad
1040 1571 1075 1637 τό
1098 1576 1181 1655 πλῆ-

53 1679 137 1749 θος
158 1677 215 1736 τοῦ
235 1676 320 1737 λαοῦΙ
338 1667 410 1754 ἦτον
433 1671 546 1755 alceia
567 1670 673 1755 ου’λήν.
717 1676 787 1735 ἐκεῖ
802 1664 859 1735 οὖν
879 1674 1099 1751 καθεζομένων
1122 1666 1179 1755 ἤλ.

29 1789 65 1841 15
76 1779 142 1836 θαν
161 1775 207 1846 εἰς
228 1776 317 1853 λόγον
338 1773 413 1851 περί
432 1768 646 1854 πατριάρχου,
680 1772 723 1844 ὦς
745 1766 785 1835 άν
808 1774 993 1852 συναχθοδν
1016 1768 1044 1833 οἱ
1069 1765 1178 1853 άρχιε-

32 1922 41 1929 .
74 1881 153 1955 ρεῖς,
175 1881 264 1935 ποῖον
293 1870 332 1935 νά
363 1873 495 1950 κάμουν.
543 1874 601 1936 κατ’
627 1871 774 1955 ε’σηκιάθη
797 1872 867 1934 τότεΙ
888 1870 904 1931 ά
926 1873 1024 1951 μέγας
1043 1868 1178 1935 σακελά·

2 2006 11 2022 e
74 1996 169 2052 ριος,
200 1972 217 2034 ὁ
241 1974 406 2053 Σερπὲτης,
430 1970 548 2052 ὀρθάς,
576 1969 638 2033 άπδ
669 1967 723 2034 τάν
756 1970 850 2034 τόπον
879 1968 960 2031 duod
982 1972 1178 2051 ἐκαθέζετον,

74 2070 132 2133 κατ’
154 2063 222 2133 εἷπε
243 2072 362 2155 μεγάλῃ
384 2074 422 2154 τῇ
443 2057 543 2154 φωνῇ.
575 2064 680 2149 “dyest
705 2070 879 2149 α’ρχιερεῖς,
901 2064 1084 2146 τιμιάτατοι
1104 2074 1239 2151 sta-166
1297 2073 1302 2081 “

75 2171 162 2252 ρικσί
184 2168 421 2251 άδελφοι’,’και“
444 2165 551 2241 ὅλοςὸ
582 2165 658 2241 λαός
678 2172 736 2230 τοῦ
767 2170 920 2247 Χριστοῦ,
954 2165 1118 2230 α’κοάσατε.
1160 2165 1177 2230 o‘
1283 2160 1284 2165 ἵ

27 2269 185 2352 οοπρώην
212 2265 429 2350 πατριάρχης,
452 2267 732 2349 κάριςἹερεμίας,
756 2271 886 2339 πολλοῖς
915 2270 1114 2349 τοῖνφοραῖν,
1136 2264 1179 2341 οἷς
1215 2258 1217 2262 ’
1299 2322 1301 2332 τ

72 2370 244 2446 ἐκαθέζετο
266 2369 337 2447 μεθ’
355 2364 444 2448 ἡμῶν
469 2371 531 2430 τάν
550 2368 715 2451 κληρικῶν,
738 2363 877 2451 άνὴφερε
898 2360 944 2429 δτι
966 2365 1178 2440 ἀποθανόντος

75 2463 180 2531 adreci
197 2461 289 2541 άλλος
309 2469 362 2532 δὲν
393 2464 462 2530 &aaa
492 2464 531 2530 νά
552 2472 632 2549 γάνει
659 2465 878 2550 πατριάρχης·
921 2468 1016 2546 μόνον
1040 2465 1056 2528 δ
1079 2462 1177 2548 ἅγιος,
1219 2500 1220 2504 ,

75 2564 95 2630 δ
107 2568 332 2650 Νικομηδείας,
353 2568 438 2630 διότι
458 2563 525 2630 ἔναι
546 2564 682 2641 παλαιὸς
697 2565 878 2650 άρχιερεάς,
900 2569 1046 2652 γέροντας
1068 2589 1177 2630 ταπει-

77 2875 164 2925 multa
183 2874 236 2924 alia
253 2873 369 2924 absurda
396 2882 424 2925 et
441 2873 547 2940 legibus
565 2874 675 2924 adversa
703 2881 796 2923 contra
815 2872 983 2939 disciplinam
1003 2880 1102 2921 rectam
1122 2890 1174 2940 pu.

76 2962 161 3012 gnare
188 2944 230 2993 his
254 2945 328 2994 vitiis
358 2944 504 3012 profligatis
536 2945 565 2993 in
583 2960 656 2994 sacro
676 2945 794 2993 omnium
817 2943 931 2993 concilio
951 2940 1094 3008 legendum
1115 2959 1173 2995 esse

76 3014 267 3084 patriarcham,
285 3015 331 3082 qui
350 3016 475 3081 pacifice,
494 3013 690 3083 absque·0mni
711 3012 896 3074 offendiculo,
917 3013 983 3063 citra
1003 3029 1109 3065 omnem
1126 3030 1174 3064 ve.
1205 3051 1207 3054 -

74 3082 216 3136 nationem
235 3093 263 3135 et
281 3085 432 3134 molestiam
452 3101 569 3135 summae
593 3100 679 3134 rerum
699 3085 808 3151 praesit.

149 3174 187 3223 Eo
207 3180 327 3238 tempore
345 3173 459 3222 Galatae
480 3171 574 3239 oppidi
604 3172 674 3221 cives
695 3170 872 3219 inclinatione
893 3170 1010 3220 caritatis
1028 3169 1173 3220 admodum

74 3241 290 3312 propendebant
318 3244 346 3292 in
365 3243 557 3309 metropolitan
577 3239 751 3291 Nicomediae
774 3240 949 3305 Dionysium,
979 3256 1011 3290 eo
1031 3241 1104 3310 quod
1124 3257 1173 3308 pa·

75 3315 130 3365 tria
150 3314 208 3363 eim
229 3313 325 3363 Galata
364 3322 437 3375 erat,
469 3330 538 3380 quae
559 3312 647 3379 ipsum
669 3320 702 3361 et·
722 3319 852 3376 genuerat
870 3319 897 3360 et
918 3310 1085 3361 educaverat.
1122 3328 1173 3361 nec

74 3383 229 3435 Galatianis
248 3381 327 3432 modo
347 3400 423 3433 carus
445 3377 513 3445 erat,
532 3381 581 3431 sed
602 3382 681 3431 etiam
701 3381 877 3431 Caramanitls
897 3397 943 3431 seu
965 3380 1104 3438 Cilicibus,
1124 3383 1171 3450 qui

73 3469 239 3522 magnopere
270 3471 330 3502 eum
351 3453 408 3503 lieri
432 3452 606 3521 patriarcham
637 3452 793 3502 strulebaut.
832 3452 924 3519 itaque
948 3449 979 3500 17
1000 3452 1044 3500 die
1064 3453 1172 3519 Aprilis,

73 3524 191 3574 sabbato
208 3524 271 3574 iusti
292 3524 398 3582 Lazari,
418 3523 536 3587 synodus
567 3530 675 3590 propter
703 3522 812 3588 negotia
839 3521 971 3589 quaedam
990 3521 1104 3571 collecta
1123 3530 1171 3574 est.

73 3597 114 3644 ibi
137 3593 296 3655 sedentibus
322 3594 499 3662 pontificibus
525 3603 552 3642 et
584 3593 687 3642 clericis
707 3601 735 3643 et
756 3600 830 3660 parte
852 3607 990 3658 procerum
1010 3592 1171 3644 secularium

73 3675 103 3716 et
119 3665 212 3715 multis
234 3665 311 3725 aliis,
339 3673 553 3733 congregataque
574 3663 751 3713 multitudine
775 3661 863 3730 plebis
884 3663 911 3712 in
931 3677 1001 3721 area,
1020 3679 1107 3713 sermo
1129 3664 1173 3713 in·

73 3736 144 3788 cidit
162 3735 196 3785 de
215 3733 383 3802 patriarcha,
403 3737 526 3804 quisnam
556 3734 584 3784 in
603 3734 760 3801 pontificum
781 3742 913 3782 conventu
934 3731 1073 3783 faciendus
1094 3741 1170 3786 esset.

74 3816 140 3858 tunc
166 3821 277 3871 magnus
296 3807 468 3868 sacellarius,
486 3804 597 3855 nomine
617 3806 746 3871 Serpeta‚
778 3803 812 3852 sle
839 3801 898 3854 loeo
924 3819 972 3854 suo
990 3804 1125 3864 surrexit,
1144 3811 1183 3860 et,

72 3887 147 3928 stans
169 3885 273 3926 erectus
292 3876 363 3925 clara
383 3892 446 3925 voce
469 3875 546 3925 dixit.
591 3875 694 3924 “sancti
717 3874 874 3939 pontifices,
894 3874 1061 3924 venerabiles
1080 3874 1171 3924 clerici

73 3949 179 4006 iratres,
198 3955 226 3997 et
244 3947 368 3995 universe
388 3947 494 4013 piorum
515 3953 623 4003 coetus,
643 3945 802 3993 auscultate.
840 3943 914 4010 prior
936 3942 1085 4010 patriarcha
1107 3943 1172 3994 feli·
1254 3941 1258 3952 '

72 4019 110 4068 cis
134 4018 287 4075 memoriae,
309 4017 465 4077 Hieremias,
486 4031 689 4082 saepenumero,
709 4012 819 4082 quando
840 4029 900 4063 curn
918 4015 1024 4064 clericis
1042 4013 1122 4064 nobis
1142 4031 1171 4064 se

71 4089 166 4152 debat,
186 4087 321 4138 referebat
339 4103 367 4137 se
384 4097 490 4138 mortuo
507 4086 591 4137 alium
611 4087 745 4137 neminem
768 4099 824 4134 esse
844 4085 891 4152 qui
914 4083 990 4136 lieret
1010 4084 1170 4154 patriarcha,
