2884 4775
264 226 311 295 76
718 228 912 293 HISTORIA
927 178 930 189 Ι

1049 322 1060 346 ι

264 378 374 456 όδούς·
416 382 562 465 ἐφοβεῖτο
580 372 737 461 Ιγόριταῑν
759 380 828 441 ἐκεῖ
850 374 955 458 μεροῖν
973 372 1012 437 τό
1043 372 1197 454 δύσβατα,
1219 373 1356 459 α’μμιόόη

263 501 297 543 τε
317 478 372 544 καί
392 471 527 559 όνυόρα,
546 481 598 543 ἳνα
610 476 654 560 μη
679 476 817 560 ἀπολέσῃ
838 474 891 537 τόν
912 474 1004 536 τόσον
1020 471 1098 536 λαόν
1120 471 1156 536 όν
1174 470 1250 557 εἶχε.
1273 479 1356 556 θαρ.

264 572 373 661 νεύσας
387 568 443 640 ούν
464 585 528 651 τοῖς
550 573 649 657 λόγοις
670 573 784 638 τούτου
808 571 865 635 καί
884 580 952 645 ταῖς
974 576 1105 651 βουλαῖς
1126 575 1271 656 ἐποίησεν
1293 574 1355 636 nai.

221 674 318 742 43τόν
339 675 513 760 η’γούμτνον
546 676 589 749 σός
610 673 760 755 ἔμπειρον
787 676 849 737 τιόν
869 675 939 735 ἐκεῖ
954 666 1068 754 τόπων,
1091 677 1145 736 κατ’
1164 676 1271 738 ἐδίδου
1291 677 1354 737 πό-

265 801 326 841 σαν
346 773 538 857 συμβουλήν.
588 772 778 846 ἀπελθόντες
800 766 856 845 οὖν
875 774 909 835 ἐν
925 773 962 857 τῇ
982 776 1163 858 Δαμασκῷ,
1185 773 1215 836 εἰ
1236 779 1292 837 καί
1310 774 1381 857 μηδ
1437 795 1438 852 l

264 873 462 959 θελησάντων
484 878 547 939 τεόν
570 898 632 937 axes
646 876 744 945 ευθυς
759 873 982 952 προσκυνῆσαι,
1006 864 1092 948 όμως
1108 867 1355 956 ἐπροσκύνησαν·

264 974 301 1045 τί
318 974 380 1056 γὰρ
404 973 460 1037 κατ’
480 968 565 1055 εἶχον
588 975 721 1054 ποιῆσαι
738 975 771 1035 ἐν
789 969 926 1057 τοσαύτῃ
947 972 1078 1056 στρατιᾷ
1098 966 1229 1057 μεγάλη.
1252 964 1355 1054 αἴραν-

264 1096 313 1149 τες
335 1075 370 1136 δὲ
392 1076 512 1137 ἐκεῖθεν
542 1070 727 1156 ἐπορεύοντο
748 1068 805 1151 την
822 1069 1003 1152 Αἴγυπτον,
1024 1072 1078 1132 κατ’
1095 1068 1286 1153 κατήντησαν
1310 1074 1357 1145 εἰς

264 1170 298 1237 τό
322 1176 455 1256 Μεσόρι.
509 1172 668 1251 θεώμενος
692 1173 726 1233 δὲ
753 1170 786 1234 τό
809 1172 867 1232 τού
888 1165 985 1232 τόπου
1006 1166 1200 1255 όύσβατονό
1219 1171 1356 1235 σουλτόν
1437 1163 1438 1210 l

265 1276 400 1355 Σολύμης
429 1272 637 1352 ἐβουλεύσατο
669 1266 754 1345 όπως
781 1272 956 1354 navarreus,
977 1266 1011 1332 τό
1045 1268 1122 1331 πολύ
1155 1273 1276 1352 πλῆθος
1297 1276 1356 1337 τού
1368 1282 1399 1332 10
1437 1281 1438 1290 ¹

264 1373 345 1435 λαού
366 1369 421 1435 κατ’
438 1374 499 1435 τοῖν
513 1375 627 1453 ἳππων,
649 1373 705 1433 καί
726 1368 918 1453 πορεόσηται
932 1368 1013 1449 μετὰ
1035 1372 1097 1432 ττόν
1118 1372 1354 1455 ε’κλεκτοτὲρων.
1437 1439 1438 1476 ,

264 1473 321 1534 καῖ
337 1467 376 1551 ab}
402 1469 456 1533 καί
476 1474 639 1554 ἐποίησεν·
664 1470 833 1551 ἠπίσταντο
848 1465 986 1550 γύρτόν
1006 1471 1063 1531 τού
1083 1467 1255 1533 σουλτοὶνου
1279 1471 1356 1535 λαόν
1437 1479 1438 1554 ff

266 1564 339 1633 ὅτε
360 1568 552 1653 Χαήρμπεϊς
581 1572 634 1634 κατ’
661 1563 761 1632 ἄλλοι.
811 1568 841 1631 εἰ
860 1571 895 1630 δὲ
927 1566 983 1630 κατ’
1002 1572 1123 1650 πλῆθος
1146 1570 1355 1654 ἑξἈρόβων,

265 1673 359 1733 τούτο
378 1668 492 1750 σχεδόν
513 1670 624 1733 οὐδέν·
681 1669 717 1731 ού
740 1666 800 1751 γόρ
829 1668 921 1730 τόσον
945 1665 1025 1731 εἰσίν
1046 1666 1187 1750 όνόρτῖοι
1207 1663 1228 1750 ἢ
1247 1672 1357 1749 μένον-

264 1790 324 1845 τες.
365 1764 594 1851 πλησιάσαντες
624 1764 663 1850 dr}
694 1776 759 1841 τοῖς
791 1770 859 1829 ἐκεῖ
881 1764 987 1839 τόποις
1014 1763 1181 1851 ἐφλέηοντο
1214 1766 1274 1830 aiud
1302 1772 1356 1850 τῆς
1367 1780 1400 1829 15
1436 1807 1438 1858 η

265 1868 362 1949 δίψης
381 1868 437 1931 κατ’
465 1870 523 1930 τού
542 1868 680 1951 μιγόλου
705 1867 866 1945 καύματος
898 1868 955 1927 τού
980 1868 1049 1930 εἰιεῖ
1065 1872 1240 1948 γινομένου,
1261 1862 1356 1931 όντων
1437 1881 1438 1924 ἐ

264 1965 445 2049 ύσυνηθων.
488 1968 528 2029 ού
547 1962 644 2047 μόνον
667 1969 702 2030 δὲ
724 1957 887 2049 ἅνθρωποι
919 1968 1010 2029 τούτο
1032 1963 1178 2048 ἔπασχον,
1201 1965 1282 2031 dila*
1303 1967 1358 2031 κατ’
1437 2031 1438 2050 η

263 2063 300 2129 τό
326 2068 408 2149 loia,
440 2064 531 2129 ἵπποι
557 2064 689 2151 κάμηλοι
721 2067 775 2129 καί
809 2065 914 2130 λοιποί.
968 2061 1029 2147 ipa
1052 2068 1244 2148 όὲ-κρίματα
1265 2070 1357 2131 θεοῦ,

265 2160 362 2231 όντων
382 2162 415 2231 ἐν
433 2166 585 2241 τοιούτοις
603 2172 659 2231 κατ’
676 2161 762 2250 iidem
784 2169 895 2249 χρειάν
907 2162 1041 2247 ἔχοντες,ι
1063 2162 1168 2250 ἔβρεξε
1182 2166 1283 2250 βροχη
1299 2192 1358 2247 με.
1437 2153 1438 2182 ³

264 2264 343 2349 γύλη
363 2264 416 2329 καὶ
437 2263 614 2347 ἑχόρτασοιν
638 2269 693 2329 καί
722 2268 788 2343 ζαῖα
809 2266 864 2327 κατ’
885 2256 1058 2347 ἅνθρωποι.
1108 2263 1403 2346 tenebrosae-ttae

266 2363 296 2428 oi
318 2359 454 2429 όντόπιοι
478 2368 617 2448 λέγοντες
649 2360 695 2431 ότι
717 2361 861 2448 τοιαύτην
894 2363 1014 2450 βροχην
1041 2366 1097 2430 ούκ
1128 2362 1262 2446 εἴδωμεν
1283 2358 1357 2430 orire

265 2457 448 2548 ἧμιῖςόύτε
473 2463 502 2528 οἱ
521 2469 653 2551 πατέρες
673 2463 774 2550 ἡμῶν.
851 2497 854 2505 ’

374 2563 470 2630 Μετὰ
500 2559 638 2630 θάνατον
676 2569 711 2631 δὲ
742 2568 799 2630 τού
826 2568 1010 2647 Παχωμιόυ
1039 2564 1310 2651 ’ἑπατριόρχευσεν
1340 2564 1356 2630 ό

267 2735 358 2805 plena,
377 2749 463 2804 aquae
485 2737 605 2803 expertia
624 2743 719 2798 essent,
738 2753 773 2788 ne
791 2742 896 2798 tantas,
916 2752 982 2804 quas
1001 2751 1091 2786 secum
1109 2734 1237 2796 habebat,
1256 2736 1356 2805 perde·

266 2813 308 2858 ret
327 2805 427 2873 copias.
462 2809 577 2858 conlisus
604 2808 696 2876 itaque
713 2808 803 2858 verbis
821 2809 879 2858 eius
900 2807 1076 2874 consiliisque
1095 2807 1178 2856 fretus
1197 2808 1298 2866 ducem
1310 2808 1355 2857 iti-

266 2878 338 2930 neris
357 2877 431 2940 fecit,
449 2885 480 2928 ut
498 2877 606 2928 illorum
627 2878 748 2929 locorum
767 2879 895 2948 peritum,
921 2885 949 2928 et
966 2877 1090 2928 omnibus
1111 2876 1355 2929 deliberationibus

267 2947 402 3000 adhibuit.
437 2957 578 3018 postquam
598 2949 756 3000 Damascum
774 2950 905 3018 pervenit,
925 2950 995 3000 cives
1015 2966 1070 2999 non
1091 2951 1221 2999 continuo
1243 2949 1354 3017 quidem

267 3019 328 3082 illi,
347 3027 376 3071 at
398 3019 507 3071 tandem
530 3021 618 3088 ipsum
638 3021 666 3071 in
697 3021 792 3071 urbem
819 3019 980 3071 obedienter
1005 3024 1183 3088 receperunt:
1215 3019 1354 3088 quomodo

192 3091 339 3148 1516enim
359 3098 434 3142 tanto
455 3091 582 3141 exercitui
602 3091 781 3144 restitissent?
817 3093 909 3142 castris
923 3089 988 3140 inde
1006 3091 1135 3159 promotis
1156 3091 1183 3139 in
1204 3092 1355 3159 Aegyptum

268 3159 423 3212 descensum
442 3169 490 3222 est,
510 3163 646 3212 Alcairum
667 3180 765 3214 versus.
802 3161 959 3213 difficultate
976 3162 1028 3211 loci
1042 3169 1191 3229 perspecta,
1210 3163 1354 3211 consilium
1437 3164 1438 3213 j

267 3232 331 3282 iniit
350 3231 463 3282 Selimes
490 3230 597 3283 maioris
625 3236 707 3302 partis
732 3231 868 3302 peditatus
897 3241 925 3284 et
950 3233 1087 3302 equitatus
1115 3231 1309 3299 relinquendae
1328 3241 1356 3282 et
1437 3236 1438 3291 Ῐ

267 3299 444 3352 σοατίλσλοοιο
465 3310 568 3352 tantum
588 3320 667 3354 manu
690 3303 887 3371 proficiscendi.
923 3303 962 3354 ita
982 3303 1056 3364 lecit,
1076 3303 1222 3352 necmale.
1260 3311 1354 3353 notum
1437 3332 1438 3339 ι

268 3373 340 3422 enim
361 3373 486 3438 Aegyptii
507 3373 605 3423 sullani
625 3375 765 3442 populum,
786 3375 875 3443 qualis
900 3375 928 3424 in
947 3372 1022 3424 bello
1041 3381 1118 3436 esset,
1138 3372 1304 3423 Chaerbeius
1328 3382 1356 3423 et
1437 3382 1438 3399 ³

267 3443 313 3492 alii
335 3441 479 3492 habebant.
517 3442 615 3512 quodsi
642 3445 720 3494 etiam
750 3443 966 3515 multoadrabes
986 3443 1118 3506 haberet,
1136 3460 1181 3494 eos
1201 3460 1286 3512 prope
1307 3462 1354 3512 pro

266 3513 354 3564 nibilo
372 3513 518 3581 periebant:
549 3531 604 3576 non
630 3515 701 3564 enim
720 3515 758 3565 ita
784 3516 867 3565 sortes
886 3516 953 3579 viri,
971 3533 1022 3566 nec
1039 3516 1186 3565 comminus
1207 3514 1355 3582 pugnando

265 3591 428 3634 constantes.
467 3592 608 3653 postquam
629 3585 683 3635 illis
712 3585 780 3636 locis
804 3587 1069 3656 appropinquarunt,
1098 3585 1229 3636 ardebant
1259 3587 1353 3636 sitiet

266 3656 383 3706 maximo
404 3654 442 3705 ibi
463 3663 548 3716 aestu,
570 3655 681 3706 ferendo
701 3673 757 3721 uon
779 3659 889 3708 assueti.
925 3657 1141 3708 nechominibus
1164 3655 1244 3706 modo
1263 3656 1289 3705 id
1310 3674 1353 3705 ac·

266 3725 395 3786 cidebat‚
415 3725 463 3776 sed
482 3727 563 3777 etiam
581 3723 728 3788 iumentis,
760 3729 838 3796 equis
858 3729 967 3778 camelis
986 3737 1014 3778 et
1032 3729 1103 3778 aliis.
1125 3727 1171 3777 sed
1193 3744 1254 3776 ecce
1273 3728 1355 3777 mira-

261 3796 357 3846 culum
378 3794 430 3845 dei.
467 3813 526 3846 cum
545 3798 626 3847 tantis
647 3797 848 3849 difficultatibus
871 3808 1059 3866 premerentur
1089 3806 1117 3849 et
1134 3814 1220 3865 aquae
1242 3799 1355 3865 penuria

265 3866 429 3926 laborarent,
448 3866 542 3936 ingens
562 3869 653 3935 pluvia
672 3867 782 3931 decidit,
804 3886 855 3938 qua
873 3872 982 3920 recreati
990 3863 1062 3920 'sunt
1081 3878 1108 3919 et
1127 3868 1250 3920 homines
1266 3879 1294 3919 et
1312 3871 1354 3918 iu-

265 3946 366 4002 menta.
403 3954 433 3987 ea
452 3955 492 3988 res
510 3928 679 3989 admirationi
700 3938 833 4005 indigenis
855 3940 924 4003 suit,
942 3940 1108 3990 'dicentibus
1128 3955 1219 4007 neque
1237 3958 1285 4006 sua
1305 3957 1354 3990 ne-

266 4025 319 4081 que
336 4016 441 4078 patrum
461 4025 569 4060 suorum
589 4010 718 4060 memoria
739 4011 819 4061 talem
848 4011 964 4078 pluviam
984 4012 1066 4062 visam
1084 4027 1151 4061 esse.

336 4097 444 4148 Mortuo
465 4093 607 4148 Pachomio
621 4096 829 4167 patriarchatum
843 4096 1010 4166 Theoleptua
1029 4097 1144 4166 excepit,
1161 4096 1355 4148 loanuinorum
