2884 4775
419 288 426 291 .
505 200 893 306 nararancurcu.7
993 330 998 341 ἡ
1129 238 1195 305 aar
1231 280 1240 289 --

102 394 157 456 κατ’
174 391 254 471 μετὰ
274 394 335 454 τοῦ
343 388 492 472 ’μεγάλου
514 391 654 475 τζαοδση
674 393 733 454 τοῦ
756 392 924 472 βασιλέως,
945 388 1000 453 κατ’
1017 382 1144 467 ἄνοιξαν
1162 388 1217 472 ιδ

101 494 211 573 μνῆμα
235 491 355 571 ου’τῆς,
386 491 441 551 καί
461 486 520 569 την
539 480 642 571 ηὗραν
661 492 751 554 σῶον
777 490 832 551 καί
853 486 1026 570 ἀκέραιον·
1071 480 1147 571 ἦτον
1165 486 1201 551 δὲ

101 588 344 670 μεμαυρισμένη
365 588 419 649 καί
439 589 596 669 πρισμένη
617 587 662 663 ὥς
677 587 853 667 τύμπανον.
875 589 929 648 καί
941 580 1011 654 door
1030 587 1088 667 τὴν
1103 578 1201 664 εἶδαν,

102 683 246 766 μεγάλως
276 684 333 766 τήν
359 681 520 763 ἐκλαψαν,
548 686 666 759 ἰδόντες
696 682 755 767 την
786 682 926 771 φοβερὰ-ν
957 686 1127 765 καταδίκην
1147 684 1203 745 καί
1241 714 1248 735 ·

75 773 215 860 5κρίσιν,
237 777 319 843 dudd
338 775 405 863 εἶχε
425 780 460 846 τὸ
481 780 620 845 ἐλεεινὸν
638 783 737 865 αὐτῆς
758 783 871 866 κορμῆ.
901 774 988 861 ὅμως
1008 780 1051 857 ὡς
1071 780 1200 863 εδρέθη,
1285 796 1288 799 ’

101 881 156 960 τῆς
175 875 261 962 ὥρας
282 877 437 964 ἐμηνυσεν
460 879 478 941 0‘
499 880 700 964 πατριάρχης
720 878 800 960 μετὰ
824 884 881 943 τοῦ
902 878 1042 963 τζαοέση
1064 880 1126 942 τῶν
1145 877 1200 941 ἐν·

102 976 258 1059 δρώντων,
280 977 362 1040 duod
391 971 496 1060 ἦλθαν
522 978 576 1042 κατ’
603 976 661 1043 iod
681 973 792 1061 εἶπαν,
814 978 858 1053 ως
887 982 921 1043 ἐκ
943 978 1113 1059 προσώπου
1144 978 1202 1043 τοῦ

100 1075 290 1155 συολτάνυυ,
311 1075 347 1139 νδ
366 1071 445 1161 εδρη
468 1077 702 1161 ἀφωρισμένον,
726 1071 776 1140 ὅτι
798 1078 814 1140 ὃ
834 1079 1056 1163 ἀφωρισμένος
1072 1074 1200 1159 εὑρέθη·

92 1175 158 1236 καί
178 1171 285 1237 εἴπατε
302 1177 346 1259 τρῖ
365 1178 539 1260 σουλτοίνῳ,
557 1175 592 1240 τί
612 1176 722 1259 ὁρίζει.
753 1175 808 1240 καί
827 1180 933 1240 τοῦτον
954 1166 1144 1249 ἀκούσαντες
1165 1170 1203 1237 τὸ

58 1275 217 1351 todorum
238 1270 383 1356 ἔδραμον
404 1277 458 1336 καί
482 1275 669 1358 α’νὴγγειλαν
688 1278 749 1337 τοῦ
767 1272 941 1340 σουλτένυυ
963 1272 1018 1355 την
1038 1269 1200 1341 ἐπίθεσιν.

103 1370 159 1433 κατ’
179 1372 277 1444 ου’τὸς
296 1372 339 1447 aig
360 1370 480 1452 ἔμαθεν
499 1379 614 1453 τοῦτο,
645 1377 831 1439 α’πὲστειλεν
857 1369 920 1437 aiud
950 1370 1023 1445 τοδς
1044 1371 1202 1455 ὑπηρέτας

102 1468 180 1541 τούς
203 1469 333 1544 πιστούς
358 1472 476 1535 αὐτοῦ·
506 1475 562 1534 καί
581 1472 655 1537 ἴδον
682 1470 786 1556 ου’τὴν
806 1474 861 1537 καὶ
882 1470 1072 1553 ἐθαύμασαν
1091 1468 1201 1533 πολλά.

103 1566 160 1646 καί
180 1568 222 1642 οἷς
251 1568 408 1652 ἐγόρησαν
437 1574 492 1635 καί
512 1565 617 1654 η’λδαν
645 1575 691 1647 είς
710 1571 765 1635 τὸν
793 1574 981 1656 σουλτοὶνον,
1003 1566 1202 1652 ἐξηγὴθησαν

102 1669 210 1729 adasai
236 1666 271 1732 τὸ
304 1670 445 1752 φοβερὸν
479 1675 610 1753 πρᾶγμα
639 1670 722 1734 ὀποῦ
750 1669 832 1735 ἴδον.
882 1669 954 1735 τότε
989 1664 1005 1733 d
1032 1666 1201 1739 σουλτίινος
1212 1677 1262 1731 135

57 1789 94 1839 15
104 1763 234 1845 ἔκραξεν
266 1767 329 1831 dud
366 1766 441 1843 τούς
462 1763 620 1851 ἄρχοντας
648 1771 760 1851 odensi,
789 1773 845 1835 καί
863 1762 980 1833 ἔδωκεν
1007 1768 1115 1831 atzar
1144 1762 1201 1847 τὴν

102 1862 243 1945 βούλλαν
263 1866 373 1947 atros,
394 1870 448 1932 ἵνα
468 1867 607 1950 βάλλουν
628 1870 707 1933 αὐτὸ
730 1869 765 1935 τὸ
791 1872 943 1950 λείψανον
962 1871 1007 1942 τίς
1020 1871 1075 1933 ἕνα
1098 1866 1201 1946 τόπον,

103 1965 144 2028 να
165 1961 201 2028 sd
224 1970 404 2049 σφαλίσουν
425 1971 480 2031 καί
499 1969 538 2032 νοὶ
559 1968 595 2032 sd
619 1970 835 2051 βουλλωσουν.
877 1969 932 2032 κατ’
951 1962 1052 2040 οὕτως
1077 1960 1206 2046 δπῆγαν·

103 2065 196 2127 τοῦτο
218 2061 247 2128 οἱ
268 2056 433 2146 ἄρχοντες,
453 2063 507 2130 καί
520 2061 609 2132 εἶδαν
631 2070 676 2152 τῷ
699 2070 824 2155 ἐλεεινῷ
845 2069 953 2131 ἐκείνω
969 2067 1127 2144 terito-ror,
1151 2058 1206 2123 καί

103 2164 337 2246 ἐξεπλάγησαν·
379 2168 436 2229 καί
454 2164 526 2249 ἐτζη
544 2165 578 2230 τὸ
603 2163 722 2247 ἔβαλαν
742 2168 787 2240 εἰς
808 2169 863 2228 ἕνα
887 2162 948 2228 dud
961 2161 1001 2227 sd
1024 2166 1203 2246 παρεκκλη-

56 2262 159 2331 νοσίοι
181 2263 236 2343 τῆς
254 2268 534 2348 παμμακαρίστου,
557 2268 613 2352 καί
631 2263 665 2329 τό
684 2263 887 2344 ἐβαδλλωσαν
908 2266 953 2337 εἰς
976 2258 1031 2325 ἕνα
1051 2257 1202 2343 σεντοέκη

103 2358 188 2440 μετὰ
213 2364 268 2443 τῆς
287 2366 454 2446 βασιλικῆς
473 2362 618 2444 βούλλας.
643 2362 716 2428 τότε
734 2362 896 2448 ἐρώτησον
916 2351 971 2426 τέν
991 2357 1203 2442 πατριάρχην,
1263 2420 1268 2424 .

101 2459 138 2522 τί
157 2462 267 2540 μέλλει
293 2459 331 2524 vai
355 2465 436 2544 γένει
468 2466 513 2536 εἰς
538 2461 617 2528 αιῖτὸ
648 2461 684 2527 sd
708 2467 875 2544 λείψανον,
911 2460 965 2524 καί
985 2463 1018 2525 τί
1036 2457 1220 2550 α’ττόκρισινἸ

105 2557 280 2640 νδείποιῖν
298 2563 356 2622 τοῦ
380 2559 567 2643 σουλτίνου,
590 2555 687 2646 ἤγουν
708 2561 767 2636 ἕως
799 2559 881 2624 πότε1
898 2558 937 2624 νδ
962 2559 1101 2643 διαλυθῇ
1123 2549 1203 2618 ου’τὸ

103 2802 311 2848 monumentum
344 2798 457 2850 cadaver
483 2801 584 2851 salvum
604 2810 632 2852 et
648 2802 792 2869 ,integrum
816 2805 1003 2870 reppererunt.
1039 2805 1095 2848 erat
1113 2795 1139 2845 id
1155 2796 1199 2850 ni-

103 2883 180 2931 grum
202 2875 231 2917 et
247 2865 466 2936 tympani‘modo
487 2872 670 2921 tumefactum.
707 2871 781 2940 quod
802 2873 958 2939 quicunqne
971 2867 1102 2927 viderunt,
1119 2866 1199 2916 valde

103 2935 239 2985 miseriam
260 2939 336 2987 iliius
355 2937 532 3008 defleverunt,
550 2940 686 2991 horrendo
703 2941 747 2991 dei
762 2942 790 2990 in
806 2943 892 3008 ipsam
911 2939 1011 2989 iudicio
1025 2945 1053 2988 et
1072 2933 1200 2986 condem·

103 3007 216 3056 aratione
236 3011 380 3074 perterriti.
418 3017 483 3058 tuuc
503 3013 592 3061 statim
611 3011 838 3078 patriarcharum
861 3008 987 3060 tzauscho
1008 3007 1136 3057 ministris
1155 3007 1199 3054 in·

103 3075 222 3136 dicavit,
251 3078 297 3144 qni
316 3078 417 3130 sultani
439 3081 549 3129 nornine
569 3081 684 3130 cadaver
709 3079 968 3130 excommunicatum
991 3077 1092 3144 inquiri
1112 3075 1199 3142 impe·

102 3153 203 3194 rarant.
240 3147 425 3200 “invenimus”
443 3150 534 3216 inquit
549 3151 636 3199 “tale:
657 3150 811 3199 renuntiate
832 3149 898 3214 regi,
917 3146 1044 3215 quidnam
1058 3146 1127 3195 velit
1144 3161 1201 3194 arn-

103 3215 176 3280 piius
198 3214 280 3276 iirri,”
317 3216 358 3266 iiii
375 3218 504 3269 miraculo
525 3217 577 3267 hoc
590 3217 685 3269 audito
705 3226 842 3268 currentes
869 3223 1002 3267 venerunt
1021 3215 1132 3283 regique
1150 3229 1201 3262 an·
1248 3273 1251 3276 Ι

88 3284 274 3349 ,υιιαλίατυσλ
316 3303 361 3337 rex
377 3297 411 3342 ,ut
433 3289 556 3348 rescivit,
579 3288 654 3338 misit
679 3288 786 3358 aliquot
804 3286 898 3337 fideles
923 3287 1073 3347 ministros,
1095 3284 1141 3352 qui
1158 3284 1202 3333 in·

103 3361 253 3418 spexerunt
276 3360 304 3404 et
334 3358 507 3408 vehementer
525 3357 613 3407 mirati
633 3365 704 3411 sunt.
752 3358 850 3406 reversi
880 3357 945 3406 dein
967 3354 1002 3404 ad
1021 3355 1156 3404 sultanum
1176 3353 1200 3402 ei

103 3421 301 3472 formidandam
320 3443 384 3488 rem,
402 3441 482 3496 quam
502 3427 857 3494 viderant‚‚exposuerunt.
894 3434 950 3477 turn
971 3425 1092 3474 sultanus
1114 3439 1203 3474 accer-

103 3492 166 3542 sivit
186 3491 317 3558 quosdam
337 3513 445 3549 suorum
464 3505 688 3564 purpuratorum
707 3496 808 3565 quibus
821 3496 897 3546 dedit
913 3494 1030 3560 sigillum
1045 3509 1130 3554 suum,
1151 3493 1202 3542 im·
1280 3550 1281 3554 Ἰ

103 3577 202 3627 perans
226 3562 253 3610 iu
273 3563 343 3614 xioco
364 3575 437 3616 certo
466 3564 579 3616 cadaver
600 3567 712 3632 reponi,
741 3567 779 3616 ibi
799 3574 859 3617 tuto
884 3563 987 3615 includi
1009 3570 1037 3612 et
1055 3561 1201 3628 obsignari.

103 3630 236 3679 abeuntes
251 3632 291 3681 iili
312 3636 368 3684 viso
387 3633 540 3685 miserendo
554 3652 666 3703 corpore
685 3635 900 3704 obstupuerunt3
918 3636 945 3684 in
965 3630 1103 3701 quoddam
1124 3647 1201 3698 pam·

102 3699 261 3749 anscaristae
279 3705 407 3754 sacellum
425 3707 630 3766 transtulerunt,
650 3722 800 3772 arcamque,
819 3706 915 3772 inqua
936 3701 1069 3751 inclusum
1087 3700 1202 3760 iacebat,
1291 3739 1293 3744 ,

104 3770 287 3835 regio-sigilio
320 3773 503 3840 obsignarunt.
551 3783 644 3842 postea
664 3777 856 3842 quaesiverunt
885 3771 1096 3837 expatriarcha,
1118 3770 1202 3838 quid·

104 3855 165 3887 narn
184 3837 219 3887 de
239 3840 368 3893 cadavere
389 3845 509 3894 futurum
532 3852 618 3905 esset,
640 3851 667 3894 et
686 3843 753 3912 quid
766 3843 886 3910 responsi
905 3841 1013 3891 sultano
1033 3841 1131 3890 referre
1151 3839 1203 3888 de-

103 3907 226 3966 berent,
252 3909 379 3962 videlicet
397 3913 431 3962 ad
452 3912 526 3982 quod
547 3922 653 3980 ternpus
675 3913 793 3962 futurum
814 3919 898 3971 esset,
920 3918 950 3960 ut
968 3911 1110 3960 dissolutio
1126 3909 1201 3958 iliius

106 3984 135 4026 et
153 3976 317 4044 dissipatio,
340 3985 445 4032 veniam
473 4000 489 4032 a
510 3983 561 4032 deo
582 3984 738 4042 consecuti,
769 3983 853 4031 tieret.
893 3979 1033 4047 respondit
1051 3977 1202 4048 patriai-alia

106 4053 220 4097 “canam
240 4065 289 4116 ego
309 4067 388 4120 super
407 4054 456 4103 iiio
472 4055 688 4123 consequentias,
708 4068 778 4121 quae
804 4049 882 4102 nobis
902 4051 1083 4119 praescriptae
1103 4046 1137 4098 de
1153 4065 1202 4098 es·
