2884 4775
215 221 301 323 >rso
606 255 662 319 un
689 254 820 322 uenus
848 255 956 320 norm

226 414 282 477 rori
303 410 481 495 Ζαμσρέου,
516 415 572 478 καέ
602 409 736 498 δδημοδς
766 413 804 478 νδ
827 412 903 490 τούς
924 409 1084 499 περδσουν
1107 415 1142 481 ἐκ
1161 419 1217 500 τῆς
1237 418 1336 498 Ζαμ·

216 514 324 596 βρῇς,
346 512 402 576 καί
429 507 468 576 od
501 511 747 597 τοδςεέγέλουν
779 518 825 591 εἷς
853 514 928 591 τοές
958 513 1096 600 ἐρήμους
1132 515 1250 593 τόπους
1282 515 1340 580 καί
1438 509 1439 534 ³

228 612 467 696 ἄκατοικήτυυς.
520 612 576 678 καί
596 609 695 690 οὕτως
729 613 839 699 ἐπειδὴ
861 610 1045 702 φθάσαντες
1067 618 1113 692 εἰς
1134 614 1192 700 τήν
1213 613 1338 701 ἐρημον

228 711 348 800 ἐκείνην
371 715 425 779 δέν
444 710 536 798 εἶχαν
557 717 599 797 μέ
619 716 655 779 τέ
670 713 709 779 vd
728 718 918 803 τρέφωνται,
941 719 1197 782 ἐκατασκεδασαν
1217 722 1340 800 τέχνας
1438 705 1439 710 ¹

228 819 285 882 κατ’
304 813 462 898 ἐμδζοναν
491 815 525 880 cd
548 816 735 899 μελέδρυαν,
756 818 811 882 καί
843 819 1011 905 ἐτρέφοντο
1032 822 1073 900 μὲ
1094 817 1173 882 oriri
1194 817 1365 902 χρόνουςῑι

228 912 340 999 ἐξῆντα
363 920 539 1001 τέσσαρας,
567 913 646 980 διότι
674 916 755 981 noti
788 916 915 982 ἔπιπτεν
936 921 971 982 ἐκ
998 921 1061 983 τῶν
1082 920 1223 1002 δένδρων
1245 921 1335 1000 μέλι,

229 1014 280 1080 δτι
304 1011 321 1078 δ
345 1014 468 1095 κδμπος
490 1019 607 1093 ἐκεῖνος
627 1011 698 1093 ὅλας
718 1010 786 1100 εἶχε
805 1017 919 1102 δένδρα
944 1017 1051 1102 δρυός.
1096 1017 1151 1082 κατ’
1174 1020 1207 1098 ἐξ
1228 1017 1337 1082 ου’τῶν

229 1112 398 1197 ον’νόμασοιν
420 1119 476 1180 καί
496 1115 553 1200 τὴν
574 1116 676 1198 πόλιν,
696 1115 756 1201 τήν
778 1115 889 1182 ὁποίαν
909 1115 1047 1203 ἔκτισαν,
1067 1115 1292 1202 Δρυϊνὸπολιν.

248 1224 254 1231 ’
324 1215 361 1282 Ὁ
394 1218 430 1281 δὲ
454 1221 543 1292 Τῖτος
565 1217 740 1296 ἀποκνίσας
768 1217 825 1303 τὴν
849 1219 1063 1303 Δρυϊνόπολιν
1093 1220 1209 1302 κατέβη
1228 1220 1274 1294 εἰς
1303 1215 1338 1282 τὸ

229 1315 339 1383 στενὸν
357 1313 392 1381 ed
415 1314 548 1406 α’ντικρδ
563 1317 622 1381 rori
645 1319 866 1401 ’Λλβανιτικοῦ
884 1320 1021 1403 μέρους,
1044 1313 1124 1382 ὅπου
1146 1313 1338 1400 διαχωρίζει
1349 1329 1382 1382 10

230 1415 306 1493 roric
328 1414 442 1493 τόπους
463 1416 643 1496 δΒιοτικὸς
664 1417 825 1501 ποταμδςρ
849 1423 905 1485 καί
934 1417 1035 1484 ἔκτισε
1056 1420 1203 1504 κέστραν,
1223 1421 1280 1483 καί
1299 1415 1335 1483 τὰ

230 1515 375 1600 dripere
402 1519 600 1600 Τιτούπαλιν,
623 1513 643 1603 ἥ
667 1543 715 1594 τις
737 1517 777 1584 τὰ
801 1523 857 1585 νῦν
884 1525 1038 1605 Τεπελένη
1058 1524 1192 1603 λέγεται.

333 1615 373 1684 Oi
404 1621 439 1683 δέ
462 1619 632 1684 Μολοσσοὶ
663 1620 705 1696 οἷς
728 1617 851 1702 ἔμαθον
883 1614 931 1686 ἐτι
962 1619 1150 1704 ἐκατοικήθη
1179 1618 1196 1683 o‘
1219 1615 1338 1705 ἕρημος

231 1718 347 1796 ἐκεῖνος
366 1717 460 1795 τόπος
480 1714 541 1784 dni
564 1719 754 1805 Ἀθηναϊκὸν
770 1726 869 1806 γένος,
891 1719 1032 1787 ἔστειλαν
1047 1719 1126 1805 πρὸς
1145 1718 1201 1786 τὸν
1218 1719 1338 1786 ’Attio'-

230 1847 297 1888 νιον
320 1821 360 1887 eri
382 1819 457 1896 τούς
478 1817 564 1910 δυ’σῃ
586 1819 741 1906 βοήθειαν
763 1821 801 1887 ναὶ
827 1822 948 1904 κὰμουν
969 1820 1107 1904 πόλεμον
1128 1820 1183 1884 καί
1203 1820 1240 1886 νδ
1262 1817 1338 1896 τούς
1349 1832 1380 1884 15

232 1922 367 2002 διώξουν
388 1923 519 1987 ἐκεῖθεν.
563 1923 631 1986 ἀλλ’
654 1918 808 1998 ὄέέτλας
829 1921 911 2006 ἔχων
941 1929 1011 2005 μετ’
1035 1920 1140 1986 αὐτοῦ
1159 1919 1215 1986 τὸν
1235 1919 1338 2006 σοφὸν

231 2021 488 2109 Ἀριστόβουλον,
519 2025 575 2091 edo
601 2022 818 2110 συμμαθητὴν
849 2028 905 2088 τοῦ
931 2025 1104 2110 Ἀφειδιά,
1134 2020 1186 2087 τόν
1216 2019 1339 2088 ἔστειλε

232 2125 313 2209 πρές
334 2124 389 2191 τόν
408 2124 577 2192 Ἀϊδυένιον
598 2129 739 2209 πρέσβυν
756 2125 892 2211 ἀγάπης·
935 2126 991 2189 κατ’
1010 2115 1101 2200 οδτος
1122 2121 1241 2188 ἔστειλε
1260 2119 1340 2206 πρὸς

206 2227 288 2294 -τδν
308 2231 340 2292 Γ
338 2231 513 2313 αλιρέωνα,
543 2221 752 2310 ἐξουσιαστὴν
784 2231 846 2292 τοῖν
875 2225 1077 2306 Μολοσσῶν,
1101 2224 1155 2288 καί
1173 2225 1339 2290 ἐτελείωσε

233 2327 291 2415 τὴν
308 2326 437 2414 ὀἷμδπην
456 2327 714 2412 α’ναμεταξδτων
735 2331 777 2409 μὲ
798 2324 998 2411 ὑποσχέσεις,
1019 2321 1101 2393 ὥστε
1115 2329 1191 2393 ποτὲ
1213 2322 1252 2391 ναὶ
1273 2322 1381 2410 μὴνῖθ

234 2432 401 2515 η’μποροῦν
421 2429 460 2495 νυὶ
482 2429 604 2511 κάμνον
634 2426 752 2515 μα’χην,
775 2432 831 2494 κατ’
858 2427 897 2494 ναὶ
920 2431 1091 2513 συγχίζουν
1111 2430 1184 2503 ἕνας
1204 2425 1259 2492 τὸν
1281 2419 1338 2493 ἅλ-

235 2538 302 2596 λον.
345 2534 400 2600 καί
420 2526 522 2608 οὕτως
543 2533 704 2617 ἐπέρασαν
724 2530 862 2617 χρόνους
884 2529 940 2599 κδ’.

236 2836 395 2905 transgressi
412 2842 477 2889 sunt
495 2852 543 2906 per
560 2836 722 2907 ingonem),
743 2844 771 2890 et
790 2838 849 2889 vise
870 2836 962 2900 duces,
979 2843 1010 2889 ut
1025 2852 1071 2889 eos
1090 2836 1309 2891 transmitterent
1324 2851 1339 2887 e

237 2908 357 2969 Zembrs,
377 2908 451 2960 etin
471 2909 531 2960 locs
552 2908 659 2961 deserte
677 2919 705 2962 et
725 2908 918 2961 inhabitabilia
940 2909 1080 2962 ducerent.
1117 2917 1200 2979 etque
1221 2909 1260 2959 sic
1273 2912 1339 2959 ‘cum

236 2982 267 3034 in
285 2982 362 3031 iilum
381 2979 558 3031 solitudinem
577 2982 734 3045 venissent,
752 2998 841 3051 neque
862 2979 1011 3052 quidquam
1028 2977 1177 3045 haberent,
1200 2981 1248 3049 qui
1267 2980 1340 3031 vive·

236 3062 315 3116 rent,
334 3058 404 3103 ortes
422 3050 474 3101 sibi
493 3062 733 3121 comparaverunt,
760 3060 788 3105 et
807 3052 861 3103 mel
879 3068 1026 3121 quercuum
1049 3050 1221 3119 deligebant,
1243 3058 1270 3103 et
1290 3051 1339 3101 ilio

237 3140 325 3176 annos
343 3124 480 3189 sexaginta
500 3131 631 3192 quattuor
647 3124 849 3187 nutriebantur,
868 3123 932 3193 quie
945 3123 1060 3175 muitum
1078 3122 1133 3174 mel
1151 3140 1183 3173 ex
1197 3120 1340 3173 arboribus

239 3193 417 3256 redundabat,
436 3201 465 3244 et
478 3210 587 3265 campus
605 3196 654 3245 iiie
674 3203 747 3247 totus
766 3212 880 3266 quercus
892 3194 1020 3257 babebat,
1041 3203 1150 3265 propter
1170 3210 1236 3265 quos
1258 3194 1339 3245 etiem

237 3266 341 3326 urbem,
361 3281 442 3335 quam
460 3265 650 3328 condiderunt,
664 3266 840 3337 Drynopoiim
862 3266 967 3337 (urbem
980 3268 1137 3336 quercuum)
1153 3266 1339 3321 nominarunt.

338 3352 417 3405 Titus
443 3359 550 3417 nutem,
579 3372 638 3404 cum
660 3355 837 3423 Drynopoiim
855 3353 1036 3419 condidisset,
1065 3356 1093 3406 in
1114 3355 1250 3423 augustias
1269 3368 1339 3423 qnae

239 3421 371 3475 Albaniue
391 3433 468 3475 erant
487 3426 637 3476 contrariae
658 3424 814 3489 descendit,
835 3426 880 3477 ubi
898 3420 1015 3479 Rioticns
1034 3424 1131 3479 fluvius
1151 3428 1210 3478 loce
1231 3424 1340 3485 dividit¹

240 3502 269 3546 et
287 3495 425 3547 'castelium
446 3496 578 3560 condidit,
598 3496 681 3567 idque
699 3498 852 3555 nominarit
863 3498 1023 3568 Titopoiim‚
1043 3498 1117 3567 quod
1137 3496 1248 3568 quidem
1266 3512 1339 3549 nunc

238 3574 351 3617 vocatur
372 3568 522 3637 Tepelene.
819 3568 822 3581 '

340 3652 453 3706 Molossi
471 3664 562 3708 antem
582 3672 640 3708 cum
662 3655 850 3724 cognovissent
869 3658 1004 3709 decertum
1024 3656 1101 3707 iilum
1113 3655 1202 3707 iocum
1221 3654 1339 3707 habitari
1438 3626 1439 3673 Ξ

240 3732 354 3793 agente
376 3725 551 3789 Atheniensi,
581 3728 718 3797 quendem
747 3728 780 3778 sd
806 3729 950 3781 sidonium
979 3727 1126 3788 miserunt,
1155 3734 1185 3778 ut
1208 3726 1339 3777 auxilium

139 3825 143 3830 «
239 3794 416 3858 concederet,
440 3800 461 3847 si
488 3797 592 3848 beilum
611 3808 772 3861 moverent,
801 3816 902 3869 eosque
923 3816 954 3849 es
979 3789 1012 3849 ‘eo
1033 3802 1094 3851 loco
1112 3798 1256 3867 pellerent.
1292 3798 1339 3847 sed

238 3868 324 3930 Atius,
344 3868 391 3937 qui
411 3883 502 3919 secum
520 3868 641 3922 habebut
661 3872 817 3940 sopienteui
833 3870 1027 3931 Aristobuium,
1046 3868 1186 3938 Aphideee
1204 3868 1340 3919 condisci-

238 3939 342 4009 pulum,
360 3938 433 3989 bunc
451 3940 614 4011 misitpncis
632 3943 750 4008 legatum
770 3940 803 3991 ed
823 3942 977 4004 Aidonium,
998 3950 1026 3992 et
1047 3941 1091 3992 bic
1109 3940 1183 3991 misit
1201 3938 1338 4009 quendem

239 4010 274 4061 ed
291 4010 469 4073 Gaiirionem,
489 4014 637 4083 principem
649 4014 838 4077 Molossorum,
862 4022 890 4065 et
910 4030 1003 4083 pecem
1024 4012 1096 4065 inter
1116 4028 1163 4064 eos
1183 4012 1339 4062 conciliavit

239 4083 517 4152 compromitterent,
540 4100 568 4135 re
584 4102 674 4156 neque
694 4084 843 4137 belieturos
861 4086 932 4137 inter
950 4101 978 4136 se
996 4101 1087 4155 neque
1107 4090 1250 4139 verteturos
1271 4098 1337 4145 esse,

227 4160 323 4229 ‘atque
341 4154 379 4206 sic
398 4153 508 4228 quidem
526 4171 611 4210 anuos
631 4156 727 4229 viginti
745 4163 863 4228 quatuor
881 4156 1022 4229 degerunt.
