2884 4775
288 243 357 319 146
703 282 708 295 ·
726 248 920 313 HISTORIA

368 398 564 485 Παχοόμιος,
596 400 672 486 έλέηι
693 400 772 461 θεοῦ
804 397 1049 479 α’ρχιειιέοκοπος
1074 394 1382 461 Κωνσταντινουπό.

285 510 373 582 λεως,
393 504 466 576 νέας
483 498 607 583 Ῥώμης
614 545 626 573 ,
663 502 717 561 καλ
738 494 945 578 σι’κουμενικὸς
971 493 1184 578 πατριάρχης·
1229 500 1269 582 τῇ
1291 494 1383 580 ἡμῶν

284 604 456 674 συνοόικῶς
486 600 710 684 προκαθημένῃ
738 596 936 679 μετριότητι,
958 596 1015 657 κατ’
1031 617 1126 657 τινων
1148 594 1384 675 συμπαρόντων

285 702 461 781 α’ρχιερὲων
481 695 563 778 μετά
586 701 643 762 τοῦ
666 697 818 779 ἡμετέρου
840 694 957 767 παντός
978 696 1108 776 κλήρου,
1130 694 1292 779 α’νηνέχθη
1309 698 1385 776 περὶ

283 805 341 866 τοῦ
364 798 551 881 παρανόμου
575 800 630 860 νῦν
653 800 907 877 Μοντμβσσιάς,
930 796 985 857 τοῦ
1005 798 1172 875 λεγομένου
1193 795 1409 878 Ἀποστόλη,5

284 898 327 973 τός
350 906 416 971 τοῖς
437 897 625 977 άπανταχοῦ
654 896 891 977 εὑρισκομένοις
914 898 1136 975 Χριστιανοῖς,
1169 895 1254 975 τάχα
1274 899 1385 959 Λατί.

283 1021 349 1073 νοις
382 998 479 1079 όηθευ
506 994 734 1078 χαριζόμενος,
758 998 903 1075 προξενεῖ
925 992 1088 1056 σκάνδαλα
1117 996 1171 1056 καί
1201 988 1384 1075 συγχόσεις,

284 1101 340 1163 κατ’
360 1096 582 1169 ἀνυποστόλως
612 1092 811 1179 άφορισμοός
841 1093 999 1171 ε’κόενάζει
1028 1099 1095 1154 κατ’
1119 1087 1239 1171 αότιόν,
1260 1093 1304 1174 μη
1332 1118 1385 1174 γι-

283 1196 412 1261 νιόσκων
433 1191 450 1257 ό
473 1191 607 1274 μαίαιος
629 1189 678 1257 ότι
698 1193 796 1267 αότός
818 1201 887 1266 ταῖς
918 1190 1100 1276 άποφάσεσι
1125 1193 1181 1255 κατ’
1203 1187 1298 1273 όρσῖς
1321 1196 1385 1255 τῶν

284 1294 421 1360 κανόνων
442 1292 606 1357 ὑπόκειται
635 1293 677 1367 οἷς
707 1289 900 1374 παρανόμως
928 1296 982 1354 καῖ
1000 1291 1060 1368 ἔξω
1089 1288 1223 1355 κανόνων
1246 1293 1424 1369 α’ναξόωςλῡ

284 1394 406 1479 προβάς
434 1397 480 1469 εἰς
514 1391 550 1457 όν
581 1397 639 1457 νόν
659 1390 781 1475 λέγεται
806 1385 894 1454 εἶναι.
949 1391 1052 1454 καίτοι
1071 1415 1106 1473 γε
1127 1388 1235 1474 πρώην
1253 1391 1292 1455 τά
1314 1396 1384 1454 κατ’

285 1492 384 1559 αότόν
416 1495 588 1566 συνοόικιός
614 1489 755 1557 ἐνταῦθα
791 1492 1057 1573 τρακταΐσαντες,
1088 1489 1145 1573 τὴν
1177 1496 1246 1553 κατ’
1279 1493 1385 1554 nabori

284 1593 447 1679 α’πόφασιν
470 1589 524 1655 διά
552 1588 650 1677 μόνης
674 1588 775 1673 ζοόοης
806 1594 913 1673 φωνῆς
944 1590 1147 1671 ἐξενεγκόντες
1170 1589 1383 1672 ἠρκέσθημεν.

285 1695 354 1757 ἀλλ’
378 1691 487 1774 ἐπειδη
514 1691 552 1753 ori
588 1692 723 1755 παύεται
754 1687 855 1754 πάντα
884 1693 978 1753 κινῶν
999 1678 1287 1780 λίθου’κατάτιῦν
1311 1683 1385 1751 ἑκά-

285 1819 361 1881 στου
394 1789 590 1872 όρθοόόξων,
619 1791 674 1854 καί
696 1790 835 1864 οόιλόλως
869 1788 1034 1870 βούλεται,
1069 1790 1147 1853 κατὰ
1179 1787 1233 1853 τόν
1259 1787 1385 1854 Ἰούδαν
1397 1799 1425 1850 15

289 1896 414 1971 ἐκεῖνον,
434 1888 506 1954 όποι
527 1890 746 1973 τυγχάνουσιν,
769 1893 864 1971 ἰέναι,
887 1893 942 1953 καί
962 1888 981 1973 ἡ
1002 1888 1172 1973 μετριότης
1188 1888 1279 1969 ἡμῶν
1301 1884 1385 1951 οὕτω

287 1995 459 2065 ουνοόικαῑς
478 1991 532 2054 κατ’
545 1989 722 2074 ἐγγράφως,
736 1986 940 2068 ἑνότκοότατα,
967 1987 1009 2061 ὦς
1025 1990 1200 2070 συγχιοτην
1220 1991 1275 2051 nui
1287 2012 1385 2051 σκαν.

289 2090 461 2155 ιλαλοποιόν
480 2091 558 2157 κατὰ
580 2095 640 2153 τῶν
655 2088 846 2171 όρθοόόξων,
865 2087 934 2171 ἔχει
959 2085 1054 2153 ου’τόν
1077 2091 1300 2173 ἀφωρισμένον
1322 2092 1384 2150 dno

287 2193 340 2272 τῆς
361 2189 453 2271 άγιάς
474 2189 530 2252 καί
547 2188 715 2267 όμοουοιόυ
738 2192 793 2253 κατ’
806 2180 988 2269 άόιαιρέτου
1011 2186 1065 2249 καό
1082 2186 1266 2267 α’συγχότου
1288 2186 1386 2268 speci-⁸

229 2291 352 2368 λῠθόος,
374 2290 431 2352 τοῦ
450 2291 517 2362 ’ἑνός
538 2291 577 2374 τῇ
604 2282 707 2375 οόσέρ,
730 2292 773 2375 τῷ
794 2289 921 2373 ἀριθμῷ
930 2335 940 2366 ,
963 2281 1210 2369 παντοκράτορος
1229 2284 1285 2349 καί
1304 2286 1439 2364 ὑπο-λοι

289 2388 402 2453 στάτου
433 2392 495 2450 cciv
526 2380 628 2471 ὅλων,
650 2390 745 2466 θεοῦ,
766 2382 799 2450 ἔν
821 2411 853 2450 τε
884 2391 927 2473 τῷ
949 2390 1004 2450 νῦν
1026 2387 1080 2450 κατ’
1103 2387 1137 2448 ἐν
1158 2388 1201 2473 τῷ
1220 2390 1386 2464 μέλλοντι·

249 2552 251 2558 ς
290 2488 332 2562 ὥς
354 2489 390 2552 δὲ
412 2486 506 2550 πάλιν
532 2489 667 2564 α’ναξέως
697 2490 752 2550 καί
779 2485 970 2570 παρανόμως
1001 2483 1163 2570 προβόντα
1186 2486 1232 2560 εἰς
1253 2485 1311 2549 τόν
1331 2489 1389 2568 τῆς
1437 2539 1438 2542 ,

362 2765 529 2830 pachomius,
548 2770 719 2819 miseratione
740 2770 784 2820 dei
798 2769 1018 2838 'archiepiscopus
1029 2769 1156 2838 Cpoleos,
1174 2785 1261 2820 novae
1277 2771 1388 2833 Romae,

291 2839 704 2909 etoecumenicuspatriarcha.
748 2839 782 2889 acl
800 2849 916 2891 nostram
940 2842 967 2891 in
990 2839 1091 2906 synodo
1114 2840 1333 2908 praesidentem,
1360 2852 1387 2891 et
1436 2839 1437 2870 l

293 2910 463 2980 quorundam
482 2927 534 2962 una
554 2910 707 2962 sedentium
726 2912 892 2978 pontificum,
911 2929 969 2961 cum
990 2921 1047 2962 toto
1066 2913 1137 2961 clero
1160 2919 1262 2972 nostro,
1280 2911 1388 2962 medio-

294 2983 416 3031 critatem
437 2982 550 3032 relatum
576 2990 616 3032 est
633 2981 667 3030 de
687 2981 829 3048 illegitimo
850 2982 1161 3044 nuncdlioucmbasiae,
1182 2983 1314 3050 apostole
1337 2999 1389 3032 no-

294 3052 414 3104 minato:
434 3053 572 3120 quomodo
592 3052 678 3102 ubivis
698 3054 817 3103 locorum
836 3053 1012 3114 Christianis,
1031 3053 1120 3118 studio
1139 3054 1264 3103 nimirum
1285 3056 1390 3104 Latinis
1435 3101 1436 3120 ,

295 3123 474 3190 gratificandi,
495 3124 623 3192 praebeat
643 3122 806 3174 offendicula
825 3131 853 3178 et
872 3123 1101 3192 perturbationes,
1127 3140 1176 3174 nec
1196 3133 1320 3175 vereatur
1341 3143 1391 3174 ex-

295 3193 552 3244 communicationes
572 3211 694 3245 evomere
716 3203 809 3245 con'tra
830 3211 892 3256 eos,
911 3196 1006 3245 nolens
1027 3196 1179 3262 intelligere
1200 3211 1285 3244 vanus
1305 3196 1390 3246 horno

296 3280 354 3315 eece
373 3279 430 3313 esse
446 3264 521 3312 ilium
539 3266 584 3333 qui
604 3265 876 3316 condemnationibus
892 3275 918 3315 et
933 3265 1147 3316 execrationibus
1168 3283 1301 3316 canonum
1323 3267 1392 3316 sub-

297 3334 401 3393 iaceat,
424 3340 453 3382 ut
481 3334 527 3401 qui
545 3333 687 3400 illegitime
706 3338 857 3404 spretisque
877 3337 1024 3386 canonibus
1050 3336 1159 3403 indigue
1186 3337 1326 3387 inlocum
1348 3339 1393 3386 iu·
1434 3313 1435 3377 l

297 3402 410 3463 vaserit,
429 3404 457 3452 in
475 3420 529 3472 quo
546 3421 618 3453 nunc
637 3405 736 3456 dicitur
758 3424 822 3457 esse.
868 3407 942 3476 atqui
962 3425 1020 3456 cum
1041 3416 1119 3478 antea
1139 3424 1247 3458 causam
1270 3408 1329 3458 eius
1350 3407 1395 3458 hic

297 3471 424 3536 synodice
448 3482 639 3536 tractaremus,
659 3478 818 3527 sententiam
848 3478 877 3526 in
899 3493 959 3527 eum
978 3478 1036 3526 viva
1058 3486 1161 3528 tantum
1181 3494 1246 3527 voce
1268 3495 1393 3546 pronun·

298 3543 366 3593 tiare
385 3544 450 3594 eatis
471 3544 623 3595 habuimus.
671 3544 718 3596 sed
738 3549 800 3615 quia
827 3564 882 3597 non
901 3556 984 3599 cessat
1010 3565 1115 3599 omnem
1134 3565 1241 3599 movere
1262 3549 1394 3617 lapidem,
1433 3589 1434 3631 ,

300 3611 437 3664 utoiliciat
457 3617 621 3684 singulorum
635 3617 752 3666 locorum
766 3625 835 3667 recte
856 3618 1046 3682 sentientibus,
1073 3620 1123 3670 nec
1144 3621 1201 3670 ullo
1222 3627 1303 3686 pacto
1325 3623 1395 3679 vult,

300 3691 395 3752 utpote
409 3685 490 3736 iudae
509 3688 636 3749 imitator,
654 3685 747 3737 eodem
767 3686 812 3737 ubi
830 3689 870 3738 illi
889 3699 951 3740 sunt
964 3691 1013 3752 ire,
1034 3689 1094 3741 ideo
1108 3689 1282 3744 mediocritas
1302 3699 1395 3740 nostra

300 3753 431 3821 synodico
444 3770 569 3824 processu
584 3766 611 3807 et
622 3759 722 3826 scripto
738 3769 868 3825 concepto
889 3776 948 3810 eum
960 3761 1119 3822 iustissime,
1131 3769 1161 3811 ut
1176 3761 1395 3828 perturbatorem

253 3852 256 3859 ·
301 3833 329 3874 et
339 3825 524 3877 scandalorum
544 3826 669 3878 adversus
684 3828 742 3894 pios
755 3838 901 3891 auctorem,
920 3840 1026 3898 separat
1040 3832 1160 3892 firmiter,
1172 3849 1186 3880 a
1199 3831 1397 3881 coniunctione

244 3924 260 3974 γ
300 3894 446 3945 abscissum
466 3905 573 3947 sanctae
591 3894 826 3949 consubstantialis
846 3901 1002 3950 individuae
1022 3913 1049 3951 ct
1066 3902 1223 3953 inconfusae
1244 3901 1399 3963 trinitatis,

303 3965 384 4014 unius
403 3967 476 4016 illius
497 3967 647 4018 substantia
667 3977 693 4019 et
712 3987 833 4030 οιιιοοιο,
853 3972 1046 4040 omnipotentis
1066 3980 1277 4040 cunctarumque
1297 3972 1398 4023 condi·
1431 3955 1432 4044 i

304 4035 369 4085 toris
390 4035 442 4096 dei,
463 4045 518 4087 tum
539 4039 565 4088 in
584 4038 636 4089 hoc
658 4048 714 4089 turn
736 4044 763 4090 in
793 4039 883 4092 futuro
914 4043 1030 4093 saeculo.
1069 4059 1156 4095 rursus
1176 4041 1270 4093 eedem
1291 4043 1399 4094 medio·
1431 4047 1432 4098 i

304 4106 386 4157 critas
406 4117 496 4159 nostra
517 4110 648 4172 eundem,
671 4118 699 4160 ut
718 4109 829 4179 indigne
846 4120 873 4163 et
894 4113 1057 4164 conculcatis
1078 4112 1182 4181 legibus
1202 4114 1229 4163 iu
1251 4114 1400 4182 pontifica-
1431 4103 1432 4135 ¹

516 4269 529 4296 Ἀ
