2884 4775
240 240 287 310 68
686 243 879 305 HISTORIA

239 392 310 460 οἷόν
331 391 359 457 οἱ
383 396 416 457 ἒν
435 396 515 456 τέλει
538 390 592 455 καί
623 393 650 455 οἱ
673 396 900 473 βιζίριδες,α
895 389 994 471 ’γάδες
1015 415 1068 453 και
1064 393 1208 473 πλῆθος
1231 394 1329 473 λαοῦ,

155 508 172 527 “
238 518 354 577 ηγαγον
383 490 461 573 πρὸς
485 489 536 553 τὸν
556 494 683 611 πατέρα
705 491 821 608 αὸτρῦ,
845 491 899 553 καί
916 488 1126 574 ἑπροσιιύνησε
1147 492 1202 552 καί
1226 491 1329 572 η’σποὶ·

238 616 314 658 σατο
339 590 394 675 την
415 598 509 711 χεῖρα
532 572 641 672 τίν’τοῦ,
663 588 716 651 καί
738 585 823 651 oriere
845 590 900 650 καί
916 580 1011 670 α’νων,
1034 588 1079 663 αἱς
1096 587 1229 671 εἴρηται,
1254 590 1329 651 ἀνε-

236 693 362 807 χώρησε
382 695 434 774 τῆς
456 690 632 771 ἡγεμονίας.
675 714 691 751 ο
682 687 812 771 “γίρων
833 692 869 752 δὲ
890 690 1079 765 ἐξελθών
1041 714 1096 771 της
1114 687 1272 765 πόλεως’
1256 715 1328 753 επο-

239 790 348 873 ρεύετο
370 790 445 873 πρὸς
476 787 511 853 τὸ
541 789 774 870 Διὸσμὸτειχον
810 788 845 851 τὸ
870 787 949 870 πρὸς
979 788 1249 872 Ἀδριανσύπολιν.
1293 794 1354 861 ε’ν5
1438 793 1439 840 3

238 894 273 955 δὲ
295 892 337 976 τῷ
358 889 551 971 πορεύεσθαι
572 890 654 969 μετὰ
685 886 783 952 εἴκοσι
807 888 925 970 ῆαὲριις
947 885 1143 1006 ἐτελεύτησε,
1175 914 1228 953 και
1250 886 1329 976 ἔφε-
1438 875 1439 880 ¹

237 1013 292 1089 ρον
314 988 368 1052 τὸν
391 988 500 1071 νεκρὸν
521 989 618 1051 adrat
640 984 672 1050 ἐν
694 1014 731 1073 τῃ
719 988 836 1050 πόλει
859 1012 911 1050 ναι
908 985 1084 1069 1’.ἔθαψαν
1071 1012 1107 1052 εν
1125 992 1166 1076 aad
1187 989 1238 1053 ὑπ’
1264 1015 1327 1054 ασ-

235 1091 293 1151 rori
314 1089 511 1169 α’νεγερθὲντι
536 1090 602 1173 ναῷ
635 1083 653 1148 t
674 1089 818 1167 λέγουσιν
844 1082 1031 1169 Ἰμαρέτιον.
1073 1091 1269 1173 διεφημίσθη
1287 1090 1327 1152 ,δὲ

234 1180 280 1248 ὅτι
303 1184 319 1247 ὁ
341 1190 371 1251 Γ
370 1184 597 1259 ιανουσπασιᾶς
616 1182 846 1269 ἑφαρριάκοισεν
876 1184 986 1249 αιῗτόν·
1037 1188 1107 1251 ἀλλ’
1130 1187 1186 1248 οὐκ
1208 1180 1256 1270 ἦν,
1281 1182 1326 1249 οἶ.

234 1311 303 1367 μαι,
326 1291 477 1369 τοιοῦτον,
496 1287 563 1349 ἀλλ’
585 1284 647 1347 ιῖπό
674 1285 774 1368 λα’πης
796 1285 957 1369 διερράγη.
1001 1290 1168 1366 διεπέρασε
1189 1286 1248 1368 γὰρ
1270 1284 1326 1369 την
1336 1300 1369 1352 1⁰
1438 1355 1439 1372 ,

236 1386 318 1467 ζωην
340 1387 441 1448 αὐτοῦ
462 1388 494 1449 ἐν
515 1383 600 1470 ποίση
622 1385 763 1472 εὐτυχίη,
787 1388 841 1448 καί
861 1388 1016 1473 δυστυχίᾳ
1039 1384 1143 1449 πεσών
1164 1384 1220 1449 orie
1242 1388 1321 1470 ἤὸν.
1438 1385 1439 1402 ’

234 1484 317 1570 νήθη
340 1487 459 1569 φέρειν.
508 1478 548 1567 ἦν
578 1478 630 1568 δέ,
653 1484 695 1559 ὦς
716 1480 838 1568 ἔλεγον,
859 1484 1077 1569 ταπεινόφρων
1097 1484 1252 1568 εἰρηνικὸς
1273 1490 1324 1549 δι’.

235 1607 322 1663 καιος
345 1587 456 1665 πρᾶος.
498 1587 532 1661 ἐξ
551 1574 595 1645 ὧν
628 1586 682 1646 καί
702 1580 931 1665 σὶηενίτζαροι
958 1583 1003 1666 μη
1024 1581 1261 1663 ταπεινούμενοι
1283 1584 1326 1661 αἱς

192 1682 310 1763 39ἔδει,
331 1684 476 1757 πολλάκις
496 1684 698 1759 ἐστασίασαν,
720 1682 775 1745 καί
794 1685 838 1745 ovi
854 1681 951 1763 μόνον
982 1686 1082 1758 οἰκίας
1099 1684 1251 1764 Ἑβραήον
1272 1685 1328 1747 καί

236 1786 439 1865 Χριστιανῶν
460 1779 538 1845 attat
564 1780 622 1844 καίἱ
644 1781 790 1865 Τούριιων
809 1783 865 1845 καί
884 1785 989 1846 adroic
1003 1782 1169 1847 πασιιλδων
1190 1781 1367 1847 entend-15
1438 1793 1439 1802 ’

233 1908 348 1966 τησαν,
382 1884 435 1944 καί
455 1880 633 1964 διήρπασαν
662 1879 762 1945 πάντα
794 1881 834 1946 τοὶ
864 1884 898 1946 ἐν
931 1883 1044 1957 αὐτοῖς.
1094 1888 1185 1967 φιλεῖ
1201 1880 1261 1999 γαρ
1284 1882 1323 1946 τοὶ

177 1992 180 1999 “
235 1988 366 2046 τοιαῦτα
393 1984 536 2063 ρινεσθαι
566 1984 640 2062 παρ’
669 1982 778 2045 αὐτῶν
806 1985 964 2045 αὐθένται
988 1978 1139 2063 τυχόντες
1166 1981 1324 2044 τοιούτου.
1379 2008 1383 2015 ’
1438 2005 1439 2060 9

317 2079 516 2198 Ποιησαντος
537 2079 638 2144 τοίνυν
661 2085 719 2145 τοῦ
741 2086 851 2199 κυρίου
867 2086 1037 2146 Διονυσίου
1058 2085 1259 2164 παραίτησιν,
1283 2104 1326 2155 ιος

233 2178 372 2260 είιιομεν,
388 2178 505 2260 ἐγένετο
520 2178 535 2241 ὁ
544 2150 675 2303 {e9993v
686 2184 883 2265 πατριάρχης
897 2207 913 2244 ο
905 2179 1155 2263 ‘Munnue9‘c‚
1144 2177 1178 2255 63
1190 2204 1325 2269 μετιρνο-

232 2278 507 2363 μάσθηΜιὲξιμος,
518 2281 571 2341 καί
582 2306 619 2363 ην
634 2277 800 2363 ἇγιορίτης.
813 2284 887 2362 περί
898 2303 935 2344 ον
922 2274 1204 2366 διεφημίσθησαν
1214 2278 1323 2361 πολλοὶ,
1331 2292 1366 2345 te
1438 2297 1439 2346 t

234 2377 363 2454 ον’δενός
377 2376 434 2464 την
454 2378 605 2460 ἀλήθειαν
620 2378 819 2462 γινώσκοντος
834 2378 912 2464 πλην
925 2382 984 2444 τοῦ
997 2383 1085 2444 θεοῦ.
1128 2378 1272 2464 ἐποίησεν
1291 2335 1325 2456 9⁸6

234 2613 375 2670 matutino,
395 2628 528 2680 proceres,
548 2611 636 2674 visiri,-
649 2612 719 2678 Agae
740 2619 768 2662 et
784 2611 929 2663 multitudo
948 2613 1043 2682 populi
1069 2613 1218 2680 promiscua
1237 2609 1322 2660 filium

204 2709 207 2714 ι
236 2683 406 2734 deduxerunt
424 2682 457 2732 ad
478 2690 589 2760 patrem.
626 2684 764 2732 summisse
783 2683 830 2733 iiie
851 2682 914 2732 huic
934 2685 1109 2734 reverentiam
1127 2682 1244 2743 exhibet,
1263 2698 1322 2731 ma-

236 2771 300 2805 num
321 2753 378 2803 eius
400 2753 543 2804 osculatur.
581 2753 632 2802 hoc
649 2752 740 2814 ruodo,
758 2764 865 2822 praeter
881 2754 1050 2806 voluntatem
1069 2770 1150 2815 suam,
1169 2762 1200 2804 ut
1218 2753 1320 2803 dictum

237 2834 293 2887 est,
317 2825 371 2873 iiiio
392 2841 474 2875 senes
494 2825 635 2892 imperium
661 2825 747 2874 cessit.
792 2823 856 2874 iude
882 2843 915 2874 ex
939 2826 1004 2876 urbe
1028 2842 1147 2892 egressus
1166 2824 1320 2890 Didymoti-

236 2895 323 2955 chum,
342 2895 416 2963 quod
434 2894 467 2944 ad
480 2894 673 2961 Adrianopoliu
695 2903 814 2977 spectat,
835 2895 973 2963 pergebat.
1009 2897 1080 2946 iuter
1097 2894 1321 2967 proficiscendum

236 2975 342 3026 autern,
360 2965 459 3016 diebus
479 2966 573 3033 viginti
593 2975 661 3032 pust,
681 2967 752 3016 vitae
771 2967 850 3016 finem
875 2968 948 3018 fecit.
984 2967 1124 3018 relatum'
1113 2984 1145 3016 au
1166 2967 1258 3016 turbem
1277 2982 1322 3015 ca-

236 3038 363 3088 daverio
382 3037 503 3105 templo,
530 3035 602 3105 quod
621 3036 731 3105 abipso
751 3039 894 3088 excitatum
916 3037 1070 3088 lmaretium
1097 3037 1254 3107 (hospitale)
1271 3052 1321 3104 ap

238 3109 362 3178 pellatur,
382 3110 519 3157 humatum
539 3115 586 3158 est.
630 3125 748 3176 sparsum
776 3125 880 3159 rumore
910 3108 962 3159 suit
987 3110 1012 3159 ei
1038 3126 1170 3159 venenum
1199 3108 1320 3158 aGiauo

237 3181 313 3229 bassa
345 3178 445 3228 datum.
489 3177 553 3227 mihi
581 3196 644 3228 sero
671 3179 722 3230 hoc
748 3196 911 3229 nouverum
939 3179 1061 3240 videtur,
1087 3180 1135 3229 sed
1153 3177 1320 3246 aegritudine

237 3249 319 3300 animi
340 3249 488 3314 disruptum
512 3265 578 3298 esse
621 3267 681 3298 narn
713 3267 771 3299 cum
790 3251 871 3300 vitam
889 3267 989 3301 summa
1012 3266 1072 3300 cum
1090 3251 1219 3300 felicitate
1239 3247 1273 3298 ad
1291 3247 1321 3297 id

238 3335 322 3389 usque
341 3327 445 3386 tempus
465 3316 678 3380 traduxisset,t
667 3328 724 3369 tum
745 3320 878 3370 demum
870 3337 900 3372 tn
917 3323 1096 3372 calamitatem
1114 3320 1240 3389 delapsus
1261 3336 1320 3369 eam

238 3391 308 3440 serre
335 3405 388 3437 nou
417 3389 513 3455 potuit.
561 3389 644 3438 fertur
666 3399 765 3439 autem
793 3391 873 3440 fuisse
895 3393 1004 3442 minime
1030 3393 1101 3441 elato
1120 3392 1227 3452 auimo,
1245 3391 1321 3458 pacis

239 3475 347 3521 amans,
364 3459 493 3510 iustitiae
510 3457 656 3541 studiosus,
676 3462 883 3510 inausuetudiue
906 3464 1028 3512 clemens
1064 3462 1161 3530 quibus
1183 3463 1262 3512 rebus
1282 3461 1323 3509 fa·

239 3539 310 3582 ctum
338 3539 379 3580 est
404 3539 435 3580 ut
463 3530 570 3578 iauizari
589 3546 755 3598 nequaquam
785 3548 816 3580 ea
842 3550 894 3600 qua
914 3551 965 3600 par-
990 3541 1048 3584 erat
1064 3534 1213 3583 reverentia
1233 3549 1261 3582 se
1279 3531 1323 3581 itti

240 3617 344 3669 semper
373 3601 570 3661 summiserint,
599 3600 646 3650 sed
666 3617 856 3669 saepenumero
884 3604 1043 3654 seditionem
1064 3605 1253 3665 excitaverint,
1271 3617 1324 3652 nee

239 3672 399 3722 Iudaeorum
419 3679 531 3722 tantum
541 3680 568 3721 et
587 3670 805 3734 Christianorum,
823 3672 870 3723 sed
878 3673 1023 3724 Turcarum
1045 3675 1134 3736 etiam,
1154 3683 1235 3743 atque
1254 3672 1324 3722 adeo

240 3744 358 3811 ipsorum
391 3741 547 3804 bassarum,
558 3742 669 3792 ‘domos
695 3745 889 3810 percursat-int,
913 3745 1039 3814 bonaque
1067 3745 1136 3796 inibi
1167 3745 1277 3794 inventa
1295 3744 1324 3793 iu

240 3831 316 3864 suam
336 3829 390 3864 rem
412 3813 569 3880 praedantes
590 3815 727 3865 verterint
763 3814 808 3864 hic
832 3816 901 3866 euim
922 3817 978 3868 illis
999 3834 1056 3868 mos
1069 3825 1118 3878 est,
1136 3817 1274 3867 remissum
1296 3821 1326 3865 et

240 3884 423 3950 indulgentem
445 3884 580 3935 dominum
601 3885 694 3934 nactis.

311 3971 486 4022 Abdicatione
504 3972 698 4040 patriarchatus
717 3989 731 4020 a
752 3972 890 4039 Dionysio,
913 3973 1135 4059 quemadmodum
1154 3989 1233 4042 supra
1252 3971 1326 4022 dini-

240 4059 308 4102 mus‚
329 4043 397 4092 iacta
416 4042 499 4091 factus
525 4051 566 4092 est
596 4043 744 4110 patriarcha
764 4043 898 4094 Serranum
926 4047 1047 4106 antistes,
1067 4047 1111 4096 cui
1141 4061 1239 4095 nomeu
1267 4051 1328 4093 erat

241 4114 398 4175 Manassae,
417 4112 536 4183 quadiu
555 4113 664 4164 Maximi
684 4131 783 4165 nomen
797 4123 929 4167 mutatum
947 4125 995 4168 est.
1022 4117 1127 4169 viserat
1146 4118 1167 4166 is
1186 4131 1214 4166 m
1231 4123 1326 4166 sancto
